%YAML 1.1
%TAG !u! tag:unity3d.com,2011:
--- !u!1 &1301027773742819344
GameObject:
  m_ObjectHideFlags: 0
  m_CorrespondingSourceObject: {fileID: 0}
  m_PrefabInstance: {fileID: 0}
  m_PrefabAsset: {fileID: 0}
  serializedVersion: 6
  m_Component:
  - component: {fileID: 4143703934945514013}
  - component: {fileID: 3158006435568011357}
  m_Layer: 0
  m_Name: CoinSpawn (1)
  m_TagString: Untagged
  m_Icon: {fileID: 5721338939258241955, guid: 0000000000000000d000000000000000, type: 0}
  m_NavMeshLayer: 0
  m_StaticEditorFlags: 0
  m_IsActive: 1
--- !u!4 &4143703934945514013
Transform:
  m_ObjectHideFlags: 0
  m_CorrespondingSourceObject: {fileID: 0}
  m_PrefabInstance: {fileID: 0}
  m_PrefabAsset: {fileID: 0}
  m_GameObject: {fileID: 1301027773742819344}
  m_LocalRotation: {x: -0, y: -0, z: -0, w: 1}
  m_LocalPosition: {x: -4, y: 7.799999, z: 0}
  m_LocalScale: {x: 1, y: 1, z: 1}
  m_Children: []
  m_Father: {fileID: 3848103952352888077}
  m_RootOrder: 1
  m_LocalEulerAnglesHint: {x: 0, y: 0, z: 0}
--- !u!114 &3158006435568011357
MonoBehaviour:
  m_ObjectHideFlags: 0
  m_CorrespondingSourceObject: {fileID: 0}
  m_PrefabInstance: {fileID: 0}
  m_PrefabAsset: {fileID: 0}
  m_GameObject: {fileID: 1301027773742819344}
  m_Enabled: 1
  m_EditorHideFlags: 0
  m_Script: {fileID: 11500000, guid: 72fa6d55be0c82b459aaf379927f7763, type: 3}
  m_Name: 
  m_EditorClassIdentifier: 
--- !u!1 &1818168714488457449
GameObject:
  m_ObjectHideFlags: 0
  m_CorrespondingSourceObject: {fileID: 0}
  m_PrefabInstance: {fileID: 0}
  m_PrefabAsset: {fileID: 0}
  serializedVersion: 6
  m_Component:
  - component: {fileID: 4651528675271472131}
  - component: {fileID: 3645339809310849253}
  - component: {fileID: 1140572667063493721}
  - component: {fileID: 3498616126248113456}
  - component: {fileID: 4360704842439825942}
  - component: {fileID: 7170999478474836509}
  - component: {fileID: 3005284974773728969}
  m_Layer: 0
  m_Name: SpriteShapeFromTerrain(Clone)
  m_TagString: Untagged
  m_Icon: {fileID: 0}
  m_NavMeshLayer: 0
  m_StaticEditorFlags: 0
  m_IsActive: 1
--- !u!4 &4651528675271472131
Transform:
  m_ObjectHideFlags: 0
  m_CorrespondingSourceObject: {fileID: 0}
  m_PrefabInstance: {fileID: 0}
  m_PrefabAsset: {fileID: 0}
  m_GameObject: {fileID: 1818168714488457449}
  m_LocalRotation: {x: -0, y: -0, z: -0, w: 1}
  m_LocalPosition: {x: 0, y: 0, z: 0}
  m_LocalScale: {x: 1, y: 1, z: 1}
  m_Children:
  - {fileID: 8963576572506945181}
  m_Father: {fileID: 1043039271441947154}
  m_RootOrder: 1
  m_LocalEulerAnglesHint: {x: 0, y: 0, z: 0}
--- !u!114 &3645339809310849253
MonoBehaviour:
  m_ObjectHideFlags: 0
  m_CorrespondingSourceObject: {fileID: 0}
  m_PrefabInstance: {fileID: 0}
  m_PrefabAsset: {fileID: 0}
  m_GameObject: {fileID: 1818168714488457449}
  m_Enabled: 1
  m_EditorHideFlags: 0
  m_Script: {fileID: 11500000, guid: b04164830fd4b32459a659f5cc2bb5ba, type: 3}
  m_Name: 
  m_EditorClassIdentifier: 
  spriteShape: {fileID: 1140572667063493721}
  spriteShapeController: {fileID: 3498616126248113456}
--- !u!1971053207 &1140572667063493721
SpriteShapeRenderer:
  m_ObjectHideFlags: 0
  m_CorrespondingSourceObject: {fileID: 0}
  m_PrefabInstance: {fileID: 0}
  m_PrefabAsset: {fileID: 0}
  m_GameObject: {fileID: 1818168714488457449}
  m_Enabled: 1
  m_CastShadows: 1
  m_ReceiveShadows: 1
  m_DynamicOccludee: 0
  m_MotionVectors: 1
  m_LightProbeUsage: 1
  m_ReflectionProbeUsage: 1
  m_RenderingLayerMask: 1
  m_RendererPriority: 0
  m_Materials:
  - {fileID: 10754, guid: 0000000000000000f000000000000000, type: 0}
  m_StaticBatchInfo:
    firstSubMesh: 0
    subMeshCount: 0
  m_StaticBatchRoot: {fileID: 0}
  m_ProbeAnchor: {fileID: 0}
  m_LightProbeVolumeOverride: {fileID: 0}
  m_ScaleInLightmap: 1
  m_PreserveUVs: 0
  m_IgnoreNormalsForChartDetection: 0
  m_ImportantGI: 0
  m_StitchLightmapSeams: 0
  m_SelectedEditorRenderState: 0
  m_MinimumChartSize: 4
  m_AutoUVMaxDistance: 0.5
  m_AutoUVMaxAngle: 89
  m_LightmapParameters: {fileID: 0}
  m_SortingLayerID: 0
  m_SortingLayer: 0
  m_SortingOrder: 0
  m_Color: {r: 1, g: 1, b: 1, a: 1}
  m_MaskInteraction: 0
  m_ShapeTexture: {fileID: 2800000, guid: 821b20a69e1cce4408fb66926492c20f, type: 3}
  m_Sprites:
  - {fileID: 21300022, guid: 32f5350ae16ffb241afda19dc483918f, type: 3}
  - {fileID: 21300010, guid: 32f5350ae16ffb241afda19dc483918f, type: 3}
  - {fileID: 21300002, guid: 32f5350ae16ffb241afda19dc483918f, type: 3}
  - {fileID: 21300014, guid: 32f5350ae16ffb241afda19dc483918f, type: 3}
  - {fileID: 21300000, guid: 32f5350ae16ffb241afda19dc483918f, type: 3}
  - {fileID: 21300004, guid: 32f5350ae16ffb241afda19dc483918f, type: 3}
  - {fileID: 21300012, guid: 32f5350ae16ffb241afda19dc483918f, type: 3}
  - {fileID: 21300016, guid: 32f5350ae16ffb241afda19dc483918f, type: 3}
  - {fileID: 21300020, guid: 32f5350ae16ffb241afda19dc483918f, type: 3}
  - {fileID: 21300018, guid: 32f5350ae16ffb241afda19dc483918f, type: 3}
  - {fileID: 21300008, guid: 32f5350ae16ffb241afda19dc483918f, type: 3}
  - {fileID: 21300006, guid: 32f5350ae16ffb241afda19dc483918f, type: 3}
  m_LocalAABB:
    m_Center: {x: 7.749999, y: 14.000001, z: -0.002}
    m_Extent: {x: 1.3200006, y: 14.320001, z: 0.002}
--- !u!114 &3498616126248113456
MonoBehaviour:
  m_ObjectHideFlags: 0
  m_CorrespondingSourceObject: {fileID: 0}
  m_PrefabInstance: {fileID: 0}
  m_PrefabAsset: {fileID: 0}
  m_GameObject: {fileID: 1818168714488457449}
  m_Enabled: 1
  m_EditorHideFlags: 0
  m_Script: {fileID: 11500000, guid: 90539df1cd5704abcb25fec9f3f5f84b, type: 3}
  m_Name: 
  m_EditorClassIdentifier: 
  m_Spline:
    m_IsOpenEnded: 0
    m_ControlPoints:
    - position: {x: 8.75, y: 0, z: 0}
      leftTangent: {x: 0, y: 0, z: 0}
      rightTangent: {x: 0, y: 0, z: 0}
      mode: 0
      height: 1
      bevelCutoff: 0
      bevelSize: 0
      spriteIndex: 0
      corner: 1
    - position: {x: 6.75, y: 0, z: 0}
      leftTangent: {x: 0, y: 0, z: 0}
      rightTangent: {x: 0, y: 0, z: 0}
      mode: 0
      height: 1
      bevelCutoff: 0
      bevelSize: 0
      spriteIndex: 0
      corner: 1
    - position: {x: 6.75, y: 28, z: 0}
      leftTangent: {x: 0, y: 0, z: 0}
      rightTangent: {x: 0, y: 0, z: 0}
      mode: 0
      height: 1
      bevelCutoff: 0
      bevelSize: 0
      spriteIndex: 0
      corner: 1
    - position: {x: 8.75, y: 28, z: 0}
      leftTangent: {x: 0, y: 0, z: 0}
      rightTangent: {x: 0, y: 0, z: 0}
      mode: 0
      height: 1
      bevelCutoff: 0
      bevelSize: 0
      spriteIndex: 0
      corner: 1
  m_SpriteShape: {fileID: 11400000, guid: 5aac4c21acb99b549889d8eb49831471, type: 2}
  m_SplineDetail: 4
  m_AdaptiveUV: 1
  m_UpdateCollider: 1
  m_ColliderDetail: 4
  m_ColliderOffset: 0
  m_ColliderCornerType: 0
--- !u!114 &4360704842439825942
MonoBehaviour:
  m_ObjectHideFlags: 0
  m_CorrespondingSourceObject: {fileID: 0}
  m_PrefabInstance: {fileID: 0}
  m_PrefabAsset: {fileID: 0}
  m_GameObject: {fileID: 1818168714488457449}
  m_Enabled: 1
  m_EditorHideFlags: 0
  m_Script: {fileID: 11500000, guid: 177389af927b442458cfb0c04be1bf01, type: 3}
  m_Name: 
  m_EditorClassIdentifier: 
  key: SpriteShapeTerrain
  isPooled: 0
--- !u!114 &7170999478474836509
MonoBehaviour:
  m_ObjectHideFlags: 0
  m_CorrespondingSourceObject: {fileID: 0}
  m_PrefabInstance: {fileID: 0}
  m_PrefabAsset: {fileID: 0}
  m_GameObject: {fileID: 1818168714488457449}
  m_Enabled: 1
  m_EditorHideFlags: 0
  m_Script: {fileID: 11500000, guid: 6de6ad778ff67df429ee5b471e8eacca, type: 3}
  m_Name: 
  m_EditorClassIdentifier: 
  style: 2
--- !u!114 &3005284974773728969
MonoBehaviour:
  m_ObjectHideFlags: 0
  m_CorrespondingSourceObject: {fileID: 0}
  m_PrefabInstance: {fileID: 0}
  m_PrefabAsset: {fileID: 0}
  m_GameObject: {fileID: 1818168714488457449}
  m_Enabled: 1
  m_EditorHideFlags: 0
  m_Script: {fileID: 11500000, guid: 58f389db044184a439075c6da3136d68, type: 3}
  m_Name: 
  m_EditorClassIdentifier: 
  onBackground:
    m_PersistentCalls:
      m_Calls: []
    m_TypeName: UnityEventMaterial, Assembly-CSharp, Version=1.0.0.0, Culture=neutral,
      PublicKeyToken=null
  onBackGodray:
    m_PersistentCalls:
      m_Calls: []
    m_TypeName: UnityEventMaterial, Assembly-CSharp, Version=1.0.0.0, Culture=neutral,
      PublicKeyToken=null
  onFrontalGodray:
    m_PersistentCalls:
      m_Calls: []
    m_TypeName: UnityEventMaterial, Assembly-CSharp, Version=1.0.0.0, Culture=neutral,
      PublicKeyToken=null
  onSpriteShape:
    m_PersistentCalls:
      m_Calls:
      - m_Target: {fileID: 3498616126248113456}
        m_MethodName: set_spriteShape
        m_Mode: 0
        m_Arguments:
          m_ObjectArgument: {fileID: 0}
          m_ObjectArgumentAssemblyTypeName: UnityEngine.Object, UnityEngine
          m_IntArgument: 0
          m_FloatArgument: 0
          m_StringArgument: 
          m_BoolArgument: 0
        m_CallState: 2
    m_TypeName: UnityEventSpriteShape, Assembly-CSharp, Version=1.0.0.0, Culture=neutral,
      PublicKeyToken=null
--- !u!1 &3278133008291320538
GameObject:
  m_ObjectHideFlags: 0
  m_CorrespondingSourceObject: {fileID: 0}
  m_PrefabInstance: {fileID: 0}
  m_PrefabAsset: {fileID: 0}
  serializedVersion: 6
  m_Component:
  - component: {fileID: 6517107939160272375}
  - component: {fileID: 7170685435189482433}
  m_Layer: 0
  m_Name: New Game Object
  m_TagString: Untagged
  m_Icon: {fileID: 0}
  m_NavMeshLayer: 0
  m_StaticEditorFlags: 0
  m_IsActive: 1
--- !u!4 &6517107939160272375
Transform:
  m_ObjectHideFlags: 0
  m_CorrespondingSourceObject: {fileID: 0}
  m_PrefabInstance: {fileID: 0}
  m_PrefabAsset: {fileID: 0}
  m_GameObject: {fileID: 3278133008291320538}
  m_LocalRotation: {x: -0, y: -0, z: -0, w: 1}
  m_LocalPosition: {x: 0, y: 0, z: 0}
  m_LocalScale: {x: 1, y: 1, z: 1}
  m_Children: []
  m_Father: {fileID: 6534892501011017661}
  m_RootOrder: 2
  m_LocalEulerAnglesHint: {x: 0, y: 0, z: 0}
--- !u!120 &7170685435189482433
LineRenderer:
  m_ObjectHideFlags: 0
  m_CorrespondingSourceObject: {fileID: 0}
  m_PrefabInstance: {fileID: 0}
  m_PrefabAsset: {fileID: 0}
  m_GameObject: {fileID: 3278133008291320538}
  m_Enabled: 1
  m_CastShadows: 1
  m_ReceiveShadows: 1
  m_DynamicOccludee: 1
  m_MotionVectors: 0
  m_LightProbeUsage: 0
  m_ReflectionProbeUsage: 0
  m_RenderingLayerMask: 1
  m_RendererPriority: 0
  m_Materials:
  - {fileID: 2100000, guid: 2f04f40aa16f3244ab2769c399431166, type: 2}
  m_StaticBatchInfo:
    firstSubMesh: 0
    subMeshCount: 0
  m_StaticBatchRoot: {fileID: 0}
  m_ProbeAnchor: {fileID: 0}
  m_LightProbeVolumeOverride: {fileID: 0}
  m_ScaleInLightmap: 1
  m_PreserveUVs: 0
  m_IgnoreNormalsForChartDetection: 0
  m_ImportantGI: 0
  m_StitchLightmapSeams: 0
  m_SelectedEditorRenderState: 3
  m_MinimumChartSize: 4
  m_AutoUVMaxDistance: 0.5
  m_AutoUVMaxAngle: 89
  m_LightmapParameters: {fileID: 0}
  m_SortingLayerID: 0
  m_SortingLayer: 0
  m_SortingOrder: 0
  m_Positions:
  - {x: 8.75, y: 28, z: 0}
  - {x: 6.75, y: 28, z: 0}
  - {x: 6.75, y: 0, z: 0}
  - {x: 8.75, y: 0, z: 0}
  - {x: 8.75, y: 28, z: 0}
  m_Parameters:
    serializedVersion: 3
    widthMultiplier: 0.25
    widthCurve:
      serializedVersion: 2
      m_Curve:
      - serializedVersion: 3
        time: 0
        value: 1
        inSlope: 0
        outSlope: 0
        tangentMode: 0
        weightedMode: 0
        inWeight: 0.33333334
        outWeight: 0.33333334
      m_PreInfinity: 2
      m_PostInfinity: 2
      m_RotationOrder: 4
    colorGradient:
      serializedVersion: 2
      key0: {r: 1, g: 1, b: 1, a: 1}
      key1: {r: 1, g: 1, b: 1, a: 1}
      key2: {r: 0, g: 0, b: 0, a: 0}
      key3: {r: 0, g: 0, b: 0, a: 0}
      key4: {r: 0, g: 0, b: 0, a: 0}
      key5: {r: 0, g: 0, b: 0, a: 0}
      key6: {r: 0, g: 0, b: 0, a: 0}
      key7: {r: 0, g: 0, b: 0, a: 0}
      ctime0: 0
      ctime1: 65535
      ctime2: 0
      ctime3: 0
      ctime4: 0
      ctime5: 0
      ctime6: 0
      ctime7: 0
      atime0: 0
      atime1: 65535
      atime2: 0
      atime3: 0
      atime4: 0
      atime5: 0
      atime6: 0
      atime7: 0
      m_Mode: 0
      m_NumColorKeys: 2
      m_NumAlphaKeys: 2
    numCornerVertices: 5
    numCapVertices: 0
    alignment: 0
    textureMode: 0
    shadowBias: 0.5
    generateLightingData: 0
  m_UseWorldSpace: 0
  m_Loop: 0
--- !u!1 &5613632780187015942
GameObject:
  m_ObjectHideFlags: 0
  m_CorrespondingSourceObject: {fileID: 0}
  m_PrefabInstance: {fileID: 0}
  m_PrefabAsset: {fileID: 0}
  serializedVersion: 6
  m_Component:
  - component: {fileID: 8963576572506945181}
  m_Layer: 0
  m_Name: GameObject
  m_TagString: Untagged
  m_Icon: {fileID: 0}
  m_NavMeshLayer: 0
  m_StaticEditorFlags: 0
  m_IsActive: 1
--- !u!4 &8963576572506945181
Transform:
  m_ObjectHideFlags: 0
  m_CorrespondingSourceObject: {fileID: 0}
  m_PrefabInstance: {fileID: 0}
  m_PrefabAsset: {fileID: 0}
  m_GameObject: {fileID: 5613632780187015942}
  m_LocalRotation: {x: 0, y: 0, z: 0, w: 1}
  m_LocalPosition: {x: 0, y: 0, z: 0}
  m_LocalScale: {x: 1, y: 1, z: 1}
  m_Children: []
  m_Father: {fileID: 4651528675271472131}
  m_RootOrder: 0
  m_LocalEulerAnglesHint: {x: 0, y: 0, z: 0}
--- !u!1 &5692608435562675367
GameObject:
  m_ObjectHideFlags: 0
  m_CorrespondingSourceObject: {fileID: 0}
  m_PrefabInstance: {fileID: 0}
  m_PrefabAsset: {fileID: 0}
  serializedVersion: 6
  m_Component:
  - component: {fileID: 4792502762818722397}
  - component: {fileID: 3748237005187925073}
  m_Layer: 0
  m_Name: New Game Object
  m_TagString: Untagged
  m_Icon: {fileID: 0}
  m_NavMeshLayer: 0
  m_StaticEditorFlags: 0
  m_IsActive: 1
--- !u!4 &4792502762818722397
Transform:
  m_ObjectHideFlags: 0
  m_CorrespondingSourceObject: {fileID: 0}
  m_PrefabInstance: {fileID: 0}
  m_PrefabAsset: {fileID: 0}
  m_GameObject: {fileID: 5692608435562675367}
  m_LocalRotation: {x: -0, y: -0, z: -0, w: 1}
  m_LocalPosition: {x: 0, y: 0, z: 0}
  m_LocalScale: {x: 1, y: 1, z: 1}
  m_Children: []
  m_Father: {fileID: 6534892501011017661}
  m_RootOrder: 1
  m_LocalEulerAnglesHint: {x: 0, y: 0, z: 0}
--- !u!120 &3748237005187925073
LineRenderer:
  m_ObjectHideFlags: 0
  m_CorrespondingSourceObject: {fileID: 0}
  m_PrefabInstance: {fileID: 0}
  m_PrefabAsset: {fileID: 0}
  m_GameObject: {fileID: 5692608435562675367}
  m_Enabled: 1
  m_CastShadows: 1
  m_ReceiveShadows: 1
  m_DynamicOccludee: 1
  m_MotionVectors: 0
  m_LightProbeUsage: 0
  m_ReflectionProbeUsage: 0
  m_RenderingLayerMask: 1
  m_RendererPriority: 0
  m_Materials:
  - {fileID: 2100000, guid: 2f04f40aa16f3244ab2769c399431166, type: 2}
  m_StaticBatchInfo:
    firstSubMesh: 0
    subMeshCount: 0
  m_StaticBatchRoot: {fileID: 0}
  m_ProbeAnchor: {fileID: 0}
  m_LightProbeVolumeOverride: {fileID: 0}
  m_ScaleInLightmap: 1
  m_PreserveUVs: 0
  m_IgnoreNormalsForChartDetection: 0
  m_ImportantGI: 0
  m_StitchLightmapSeams: 0
  m_SelectedEditorRenderState: 3
  m_MinimumChartSize: 4
  m_AutoUVMaxDistance: 0.5
  m_AutoUVMaxAngle: 89
  m_LightmapParameters: {fileID: 0}
  m_SortingLayerID: 0
  m_SortingLayer: 0
  m_SortingOrder: 0
  m_Positions:
  - {x: -6.75, y: 28, z: 0}
  - {x: -8.75, y: 28, z: 0}
  - {x: -8.75, y: 0, z: 0}
  - {x: -6.75, y: 0, z: 0}
  - {x: -6.75, y: 28, z: 0}
  m_Parameters:
    serializedVersion: 3
    widthMultiplier: 0.25
    widthCurve:
      serializedVersion: 2
      m_Curve:
      - serializedVersion: 3
        time: 0
        value: 1
        inSlope: 0
        outSlope: 0
        tangentMode: 0
        weightedMode: 0
        inWeight: 0.33333334
        outWeight: 0.33333334
      m_PreInfinity: 2
      m_PostInfinity: 2
      m_RotationOrder: 4
    colorGradient:
      serializedVersion: 2
      key0: {r: 1, g: 1, b: 1, a: 1}
      key1: {r: 1, g: 1, b: 1, a: 1}
      key2: {r: 0, g: 0, b: 0, a: 0}
      key3: {r: 0, g: 0, b: 0, a: 0}
      key4: {r: 0, g: 0, b: 0, a: 0}
      key5: {r: 0, g: 0, b: 0, a: 0}
      key6: {r: 0, g: 0, b: 0, a: 0}
      key7: {r: 0, g: 0, b: 0, a: 0}
      ctime0: 0
      ctime1: 65535
      ctime2: 0
      ctime3: 0
      ctime4: 0
      ctime5: 0
      ctime6: 0
      ctime7: 0
      atime0: 0
      atime1: 65535
      atime2: 0
      atime3: 0
      atime4: 0
      atime5: 0
      atime6: 0
      atime7: 0
      m_Mode: 0
      m_NumColorKeys: 2
      m_NumAlphaKeys: 2
    numCornerVertices: 5
    numCapVertices: 0
    alignment: 0
    textureMode: 0
    shadowBias: 0.5
    generateLightingData: 0
  m_UseWorldSpace: 0
  m_Loop: 0
--- !u!1 &8256554388632941121
GameObject:
  m_ObjectHideFlags: 0
  m_CorrespondingSourceObject: {fileID: 0}
  m_PrefabInstance: {fileID: 0}
  m_PrefabAsset: {fileID: 0}
  serializedVersion: 6
  m_Component:
  - component: {fileID: 4722328434418539861}
  - component: {fileID: 3860528288942738511}
  - component: {fileID: 5936587719364494591}
  - component: {fileID: 7045587250700253445}
  - component: {fileID: 4998314378215828761}
  - component: {fileID: 863167422648224793}
  - component: {fileID: 3599780593841749666}
  m_Layer: 0
  m_Name: SpriteShapeFromTerrain(Clone)
  m_TagString: Untagged
  m_Icon: {fileID: 0}
  m_NavMeshLayer: 0
  m_StaticEditorFlags: 0
  m_IsActive: 1
--- !u!4 &4722328434418539861
Transform:
  m_ObjectHideFlags: 0
  m_CorrespondingSourceObject: {fileID: 0}
  m_PrefabInstance: {fileID: 0}
  m_PrefabAsset: {fileID: 0}
  m_GameObject: {fileID: 8256554388632941121}
  m_LocalRotation: {x: -0, y: -0, z: -0, w: 1}
  m_LocalPosition: {x: 0, y: 0, z: 0}
  m_LocalScale: {x: 1, y: 1, z: 1}
  m_Children:
  - {fileID: 7212113994877176953}
  m_Father: {fileID: 1043039271441947154}
  m_RootOrder: 0
  m_LocalEulerAnglesHint: {x: 0, y: 0, z: 0}
--- !u!114 &3860528288942738511
MonoBehaviour:
  m_ObjectHideFlags: 0
  m_CorrespondingSourceObject: {fileID: 0}
  m_PrefabInstance: {fileID: 0}
  m_PrefabAsset: {fileID: 0}
  m_GameObject: {fileID: 8256554388632941121}
  m_Enabled: 1
  m_EditorHideFlags: 0
  m_Script: {fileID: 11500000, guid: b04164830fd4b32459a659f5cc2bb5ba, type: 3}
  m_Name: 
  m_EditorClassIdentifier: 
  spriteShape: {fileID: 5936587719364494591}
  spriteShapeController: {fileID: 7045587250700253445}
--- !u!1971053207 &5936587719364494591
SpriteShapeRenderer:
  m_ObjectHideFlags: 0
  m_CorrespondingSourceObject: {fileID: 0}
  m_PrefabInstance: {fileID: 0}
  m_PrefabAsset: {fileID: 0}
  m_GameObject: {fileID: 8256554388632941121}
  m_Enabled: 1
  m_CastShadows: 1
  m_ReceiveShadows: 1
  m_DynamicOccludee: 0
  m_MotionVectors: 1
  m_LightProbeUsage: 1
  m_ReflectionProbeUsage: 1
  m_RenderingLayerMask: 1
  m_RendererPriority: 0
  m_Materials:
  - {fileID: 10754, guid: 0000000000000000f000000000000000, type: 0}
  m_StaticBatchInfo:
    firstSubMesh: 0
    subMeshCount: 0
  m_StaticBatchRoot: {fileID: 0}
  m_ProbeAnchor: {fileID: 0}
  m_LightProbeVolumeOverride: {fileID: 0}
  m_ScaleInLightmap: 1
  m_PreserveUVs: 0
  m_IgnoreNormalsForChartDetection: 0
  m_ImportantGI: 0
  m_StitchLightmapSeams: 0
  m_SelectedEditorRenderState: 0
  m_MinimumChartSize: 4
  m_AutoUVMaxDistance: 0.5
  m_AutoUVMaxAngle: 89
  m_LightmapParameters: {fileID: 0}
  m_SortingLayerID: 0
  m_SortingLayer: 0
  m_SortingOrder: 0
  m_Color: {r: 1, g: 1, b: 1, a: 1}
  m_MaskInteraction: 0
  m_ShapeTexture: {fileID: 2800000, guid: 821b20a69e1cce4408fb66926492c20f, type: 3}
  m_Sprites:
  - {fileID: 21300022, guid: 32f5350ae16ffb241afda19dc483918f, type: 3}
  - {fileID: 21300010, guid: 32f5350ae16ffb241afda19dc483918f, type: 3}
  - {fileID: 21300002, guid: 32f5350ae16ffb241afda19dc483918f, type: 3}
  - {fileID: 21300014, guid: 32f5350ae16ffb241afda19dc483918f, type: 3}
  - {fileID: 21300000, guid: 32f5350ae16ffb241afda19dc483918f, type: 3}
  - {fileID: 21300004, guid: 32f5350ae16ffb241afda19dc483918f, type: 3}
  - {fileID: 21300012, guid: 32f5350ae16ffb241afda19dc483918f, type: 3}
  - {fileID: 21300016, guid: 32f5350ae16ffb241afda19dc483918f, type: 3}
  - {fileID: 21300020, guid: 32f5350ae16ffb241afda19dc483918f, type: 3}
  - {fileID: 21300018, guid: 32f5350ae16ffb241afda19dc483918f, type: 3}
  - {fileID: 21300008, guid: 32f5350ae16ffb241afda19dc483918f, type: 3}
  - {fileID: 21300006, guid: 32f5350ae16ffb241afda19dc483918f, type: 3}
  m_LocalAABB:
    m_Center: {x: -7.7499995, y: 14.000001, z: -0.002}
    m_Extent: {x: 1.3200011, y: 14.320001, z: 0.002}
--- !u!114 &7045587250700253445
MonoBehaviour:
  m_ObjectHideFlags: 0
  m_CorrespondingSourceObject: {fileID: 0}
  m_PrefabInstance: {fileID: 0}
  m_PrefabAsset: {fileID: 0}
  m_GameObject: {fileID: 8256554388632941121}
  m_Enabled: 1
  m_EditorHideFlags: 0
  m_Script: {fileID: 11500000, guid: 90539df1cd5704abcb25fec9f3f5f84b, type: 3}
  m_Name: 
  m_EditorClassIdentifier: 
  m_Spline:
    m_IsOpenEnded: 0
    m_ControlPoints:
    - position: {x: -6.75, y: 0, z: 0}
      leftTangent: {x: 0, y: 0, z: 0}
      rightTangent: {x: 0, y: 0, z: 0}
      mode: 0
      height: 1
      bevelCutoff: 0
      bevelSize: 0
      spriteIndex: 0
      corner: 1
    - position: {x: -8.75, y: 0, z: 0}
      leftTangent: {x: 0, y: 0, z: 0}
      rightTangent: {x: 0, y: 0, z: 0}
      mode: 0
      height: 1
      bevelCutoff: 0
      bevelSize: 0
      spriteIndex: 0
      corner: 1
    - position: {x: -8.75, y: 28, z: 0}
      leftTangent: {x: 0, y: 0, z: 0}
      rightTangent: {x: 0, y: 0, z: 0}
      mode: 0
      height: 1
      bevelCutoff: 0
      bevelSize: 0
      spriteIndex: 0
      corner: 1
    - position: {x: -6.75, y: 28, z: 0}
      leftTangent: {x: 0, y: 0, z: 0}
      rightTangent: {x: 0, y: 0, z: 0}
      mode: 0
      height: 1
      bevelCutoff: 0
      bevelSize: 0
      spriteIndex: 0
      corner: 1
  m_SpriteShape: {fileID: 11400000, guid: 5aac4c21acb99b549889d8eb49831471, type: 2}
  m_SplineDetail: 4
  m_AdaptiveUV: 1
  m_UpdateCollider: 1
  m_ColliderDetail: 4
  m_ColliderOffset: 0
  m_ColliderCornerType: 0
--- !u!114 &4998314378215828761
MonoBehaviour:
  m_ObjectHideFlags: 0
  m_CorrespondingSourceObject: {fileID: 0}
  m_PrefabInstance: {fileID: 0}
  m_PrefabAsset: {fileID: 0}
  m_GameObject: {fileID: 8256554388632941121}
  m_Enabled: 1
  m_EditorHideFlags: 0
  m_Script: {fileID: 11500000, guid: 177389af927b442458cfb0c04be1bf01, type: 3}
  m_Name: 
  m_EditorClassIdentifier: 
  key: SpriteShapeTerrain
  isPooled: 0
--- !u!114 &863167422648224793
MonoBehaviour:
  m_ObjectHideFlags: 0
  m_CorrespondingSourceObject: {fileID: 0}
  m_PrefabInstance: {fileID: 0}
  m_PrefabAsset: {fileID: 0}
  m_GameObject: {fileID: 8256554388632941121}
  m_Enabled: 1
  m_EditorHideFlags: 0
  m_Script: {fileID: 11500000, guid: 6de6ad778ff67df429ee5b471e8eacca, type: 3}
  m_Name: 
  m_EditorClassIdentifier: 
  style: 2
--- !u!114 &3599780593841749666
MonoBehaviour:
  m_ObjectHideFlags: 0
  m_CorrespondingSourceObject: {fileID: 0}
  m_PrefabInstance: {fileID: 0}
  m_PrefabAsset: {fileID: 0}
  m_GameObject: {fileID: 8256554388632941121}
  m_Enabled: 1
  m_EditorHideFlags: 0
  m_Script: {fileID: 11500000, guid: 58f389db044184a439075c6da3136d68, type: 3}
  m_Name: 
  m_EditorClassIdentifier: 
  onBackground:
    m_PersistentCalls:
      m_Calls: []
    m_TypeName: UnityEventMaterial, Assembly-CSharp, Version=1.0.0.0, Culture=neutral,
      PublicKeyToken=null
  onBackGodray:
    m_PersistentCalls:
      m_Calls: []
    m_TypeName: UnityEventMaterial, Assembly-CSharp, Version=1.0.0.0, Culture=neutral,
      PublicKeyToken=null
  onFrontalGodray:
    m_PersistentCalls:
      m_Calls: []
    m_TypeName: UnityEventMaterial, Assembly-CSharp, Version=1.0.0.0, Culture=neutral,
      PublicKeyToken=null
  onSpriteShape:
    m_PersistentCalls:
      m_Calls:
      - m_Target: {fileID: 7045587250700253445}
        m_MethodName: set_spriteShape
        m_Mode: 0
        m_Arguments:
          m_ObjectArgument: {fileID: 0}
          m_ObjectArgumentAssemblyTypeName: UnityEngine.Object, UnityEngine
          m_IntArgument: 0
          m_FloatArgument: 0
          m_StringArgument: 
          m_BoolArgument: 0
        m_CallState: 2
    m_TypeName: UnityEventSpriteShape, Assembly-CSharp, Version=1.0.0.0, Culture=neutral,
      PublicKeyToken=null
--- !u!1 &8276602640039636921
GameObject:
  m_ObjectHideFlags: 0
  m_CorrespondingSourceObject: {fileID: 0}
  m_PrefabInstance: {fileID: 0}
  m_PrefabAsset: {fileID: 0}
  serializedVersion: 6
  m_Component:
  - component: {fileID: 7212113994877176953}
  m_Layer: 0
  m_Name: GameObject
  m_TagString: Untagged
  m_Icon: {fileID: 0}
  m_NavMeshLayer: 0
  m_StaticEditorFlags: 0
  m_IsActive: 1
--- !u!4 &7212113994877176953
Transform:
  m_ObjectHideFlags: 0
  m_CorrespondingSourceObject: {fileID: 0}
  m_PrefabInstance: {fileID: 0}
  m_PrefabAsset: {fileID: 0}
  m_GameObject: {fileID: 8276602640039636921}
  m_LocalRotation: {x: 0, y: 0, z: 0, w: 1}
  m_LocalPosition: {x: 0, y: 0, z: 0}
  m_LocalScale: {x: 1, y: 1, z: 1}
  m_Children: []
  m_Father: {fileID: 4722328434418539861}
  m_RootOrder: 0
  m_LocalEulerAnglesHint: {x: 0, y: 0, z: 0}
--- !u!1001 &88238377627788872
PrefabInstance:
  m_ObjectHideFlags: 0
  serializedVersion: 2
  m_Modification:
    m_TransformParent: {fileID: 7741759407481943346}
    m_Modifications:
    - target: {fileID: 9086937825827214085, guid: 6cee7cd29e9557740b7045ddd784f9fe,
        type: 3}
      propertyPath: m_Name
      value: MovingHostilePlatform
      objectReference: {fileID: 0}
    - target: {fileID: 9086937825826983719, guid: 6cee7cd29e9557740b7045ddd784f9fe,
        type: 3}
      propertyPath: m_LocalPosition.x
      value: -9
      objectReference: {fileID: 0}
    - target: {fileID: 9086937825826983719, guid: 6cee7cd29e9557740b7045ddd784f9fe,
        type: 3}
      propertyPath: m_LocalPosition.y
      value: 11.2
      objectReference: {fileID: 0}
    - target: {fileID: 9086937825826983719, guid: 6cee7cd29e9557740b7045ddd784f9fe,
        type: 3}
      propertyPath: m_LocalPosition.z
      value: 0
      objectReference: {fileID: 0}
    - target: {fileID: 9086937825826983719, guid: 6cee7cd29e9557740b7045ddd784f9fe,
        type: 3}
      propertyPath: m_LocalRotation.x
      value: -0
      objectReference: {fileID: 0}
    - target: {fileID: 9086937825826983719, guid: 6cee7cd29e9557740b7045ddd784f9fe,
        type: 3}
      propertyPath: m_LocalRotation.y
      value: -0
      objectReference: {fileID: 0}
    - target: {fileID: 9086937825826983719, guid: 6cee7cd29e9557740b7045ddd784f9fe,
        type: 3}
      propertyPath: m_LocalRotation.z
      value: -0
      objectReference: {fileID: 0}
    - target: {fileID: 9086937825826983719, guid: 6cee7cd29e9557740b7045ddd784f9fe,
        type: 3}
      propertyPath: m_LocalRotation.w
      value: 1
      objectReference: {fileID: 0}
    - target: {fileID: 9086937825826983719, guid: 6cee7cd29e9557740b7045ddd784f9fe,
        type: 3}
      propertyPath: m_RootOrder
      value: 3
      objectReference: {fileID: 0}
    - target: {fileID: 9086937825826983719, guid: 6cee7cd29e9557740b7045ddd784f9fe,
        type: 3}
      propertyPath: m_LocalEulerAnglesHint.x
      value: 0
      objectReference: {fileID: 0}
    - target: {fileID: 9086937825826983719, guid: 6cee7cd29e9557740b7045ddd784f9fe,
        type: 3}
      propertyPath: m_LocalEulerAnglesHint.y
      value: 0
      objectReference: {fileID: 0}
    - target: {fileID: 9086937825826983719, guid: 6cee7cd29e9557740b7045ddd784f9fe,
        type: 3}
      propertyPath: m_LocalEulerAnglesHint.z
      value: 0
      objectReference: {fileID: 0}
    - target: {fileID: 8391211018904862895, guid: 6cee7cd29e9557740b7045ddd784f9fe,
        type: 3}
      propertyPath: m_LocalPosition.x
      value: -1
      objectReference: {fileID: 0}
    - target: {fileID: 1146210271812378117, guid: 6cee7cd29e9557740b7045ddd784f9fe,
        type: 3}
      propertyPath: m_LocalPosition.x
      value: 4
      objectReference: {fileID: 0}
    - target: {fileID: 1081499001298843872, guid: 6cee7cd29e9557740b7045ddd784f9fe,
        type: 3}
      propertyPath: m_LocalPosition.y
      value: 0
      objectReference: {fileID: 0}
    - target: {fileID: 1081499001298843872, guid: 6cee7cd29e9557740b7045ddd784f9fe,
        type: 3}
      propertyPath: m_LocalPosition.x
      value: -1
      objectReference: {fileID: 0}
    - target: {fileID: 8731931171014617731, guid: 6cee7cd29e9557740b7045ddd784f9fe,
        type: 3}
      propertyPath: curve.m_Curve.Array.size
      value: 2
      objectReference: {fileID: 0}
    - target: {fileID: 8731931171014617731, guid: 6cee7cd29e9557740b7045ddd784f9fe,
        type: 3}
      propertyPath: startOffset
      value: 0
      objectReference: {fileID: 0}
    - target: {fileID: 8731931171014617731, guid: 6cee7cd29e9557740b7045ddd784f9fe,
        type: 3}
      propertyPath: curve.m_Curve.Array.data[1].time
      value: 1
      objectReference: {fileID: 0}
    - target: {fileID: 8731931171014617731, guid: 6cee7cd29e9557740b7045ddd784f9fe,
        type: 3}
      propertyPath: curve.m_Curve.Array.data[1].value
      value: 1
      objectReference: {fileID: 0}
    - target: {fileID: 8731931171014617731, guid: 6cee7cd29e9557740b7045ddd784f9fe,
        type: 3}
      propertyPath: curve.m_Curve.Array.data[1].inWeight
      value: 0
      objectReference: {fileID: 0}
    - target: {fileID: 8731931171014617731, guid: 6cee7cd29e9557740b7045ddd784f9fe,
        type: 3}
      propertyPath: curve.m_Curve.Array.data[1].outWeight
      value: 0
      objectReference: {fileID: 0}
    - target: {fileID: 8731931171014617731, guid: 6cee7cd29e9557740b7045ddd784f9fe,
        type: 3}
      propertyPath: duration
      value: 22
      objectReference: {fileID: 0}
    - target: {fileID: 1396953368926491780, guid: 6cee7cd29e9557740b7045ddd784f9fe,
        type: 3}
      propertyPath: m_Positions.Array.data[0].x
      value: -1
      objectReference: {fileID: 0}
    - target: {fileID: 2721365010143538611, guid: 6cee7cd29e9557740b7045ddd784f9fe,
        type: 3}
      propertyPath: m_SpriteTilingProperty.newSize.x
      value: 4
      objectReference: {fileID: 0}
    - target: {fileID: 2721365010143538611, guid: 6cee7cd29e9557740b7045ddd784f9fe,
        type: 3}
      propertyPath: m_Size.x
      value: 1
      objectReference: {fileID: 0}
    - target: {fileID: 2721365010143538611, guid: 6cee7cd29e9557740b7045ddd784f9fe,
        type: 3}
      propertyPath: m_SpriteTilingProperty.newSize.y
      value: 5
      objectReference: {fileID: 0}
    - target: {fileID: 2721365010143538611, guid: 6cee7cd29e9557740b7045ddd784f9fe,
        type: 3}
      propertyPath: m_Size.y
      value: 1
      objectReference: {fileID: 0}
    - target: {fileID: 761637184867318112, guid: 6cee7cd29e9557740b7045ddd784f9fe,
        type: 3}
      propertyPath: m_Size.y
      value: 5
      objectReference: {fileID: 0}
    m_RemovedComponents: []
  m_SourcePrefab: {fileID: 100100000, guid: 6cee7cd29e9557740b7045ddd784f9fe, type: 3}
--- !u!1001 &1065236162385195347
PrefabInstance:
  m_ObjectHideFlags: 0
  serializedVersion: 2
  m_Modification:
    m_TransformParent: {fileID: 0}
    m_Modifications:
    - target: {fileID: 5283026989369964200, guid: 2da8bd84b59ae214a9a27648cfbd8fd9,
        type: 3}
      propertyPath: m_Name
      value: Module_D0_N1__HostilePlatform_MovingPlatform_Platform
      objectReference: {fileID: 0}
    - target: {fileID: 257313602812733186, guid: 2da8bd84b59ae214a9a27648cfbd8fd9,
        type: 3}
      propertyPath: tags.Array.size
      value: 3
      objectReference: {fileID: 0}
    - target: {fileID: 257313602812733186, guid: 2da8bd84b59ae214a9a27648cfbd8fd9,
        type: 3}
      propertyPath: tags.Array.data[1]
      value: 
      objectReference: {fileID: 11400000, guid: 5a37e37ff9602654ba964fccab842221,
        type: 2}
    - target: {fileID: 257313602812733186, guid: 2da8bd84b59ae214a9a27648cfbd8fd9,
        type: 3}
      propertyPath: tags.Array.data[2]
      value: 
      objectReference: {fileID: 11400000, guid: 270a29de6a6ebc74fab95b6ece97dba2,
        type: 2}
    - target: {fileID: 1988994009404027310, guid: 2da8bd84b59ae214a9a27648cfbd8fd9,
        type: 3}
      propertyPath: coinSpawnPoints.Array.size
      value: 2
      objectReference: {fileID: 0}
    - target: {fileID: 1988994009404027310, guid: 2da8bd84b59ae214a9a27648cfbd8fd9,
        type: 3}
      propertyPath: checkpointsPoints.Array.size
      value: 1
      objectReference: {fileID: 0}
    - target: {fileID: 1988994009404027310, guid: 2da8bd84b59ae214a9a27648cfbd8fd9,
        type: 3}
      propertyPath: coinSpawnPoints.Array.data[1]
      value: 
      objectReference: {fileID: 4143703934945514013}
    - target: {fileID: 1988994009404027310, guid: 2da8bd84b59ae214a9a27648cfbd8fd9,
        type: 3}
      propertyPath: coinSpawnPoints.Array.data[2]
      value: 
      objectReference: {fileID: 0}
    - target: {fileID: 1988994009404027310, guid: 2da8bd84b59ae214a9a27648cfbd8fd9,
        type: 3}
      propertyPath: moduleHeight
      value: 28
      objectReference: {fileID: 0}
    - target: {fileID: 1988994009404027310, guid: 2da8bd84b59ae214a9a27648cfbd8fd9,
        type: 3}
      propertyPath: checkpointsPoints.Array.data[1]
      value: 
      objectReference: {fileID: 0}
    - target: {fileID: 1988994009404027310, guid: 2da8bd84b59ae214a9a27648cfbd8fd9,
        type: 3}
      propertyPath: checkpointsPoints.Array.data[2]
      value: 
      objectReference: {fileID: 0}
    - target: {fileID: 1988994009404027310, guid: 2da8bd84b59ae214a9a27648cfbd8fd9,
        type: 3}
      propertyPath: checkpointsPoints.Array.data[3]
      value: 
      objectReference: {fileID: 0}
    - target: {fileID: 1988994009404027310, guid: 2da8bd84b59ae214a9a27648cfbd8fd9,
        type: 3}
      propertyPath: checkpointsPoints.Array.data[4]
      value: 
      objectReference: {fileID: 0}
    - target: {fileID: 1988994009404027310, guid: 2da8bd84b59ae214a9a27648cfbd8fd9,
        type: 3}
      propertyPath: checkpointsPoints.Array.data[5]
      value: 
      objectReference: {fileID: 0}
    - target: {fileID: 6133407557284447420, guid: 2da8bd84b59ae214a9a27648cfbd8fd9,
        type: 3}
      propertyPath: m_LocalPosition.x
      value: 0
      objectReference: {fileID: 0}
    - target: {fileID: 6133407557284447420, guid: 2da8bd84b59ae214a9a27648cfbd8fd9,
        type: 3}
      propertyPath: m_LocalPosition.y
      value: 0
      objectReference: {fileID: 0}
    - target: {fileID: 6133407557284447420, guid: 2da8bd84b59ae214a9a27648cfbd8fd9,
        type: 3}
      propertyPath: m_LocalPosition.z
      value: 0
      objectReference: {fileID: 0}
    - target: {fileID: 6133407557284447420, guid: 2da8bd84b59ae214a9a27648cfbd8fd9,
        type: 3}
      propertyPath: m_LocalRotation.x
      value: 0
      objectReference: {fileID: 0}
    - target: {fileID: 6133407557284447420, guid: 2da8bd84b59ae214a9a27648cfbd8fd9,
        type: 3}
      propertyPath: m_LocalRotation.y
      value: 0
      objectReference: {fileID: 0}
    - target: {fileID: 6133407557284447420, guid: 2da8bd84b59ae214a9a27648cfbd8fd9,
        type: 3}
      propertyPath: m_LocalRotation.z
      value: 0
      objectReference: {fileID: 0}
    - target: {fileID: 6133407557284447420, guid: 2da8bd84b59ae214a9a27648cfbd8fd9,
        type: 3}
      propertyPath: m_LocalRotation.w
      value: 1
      objectReference: {fileID: 0}
    - target: {fileID: 6133407557284447420, guid: 2da8bd84b59ae214a9a27648cfbd8fd9,
        type: 3}
      propertyPath: m_RootOrder
      value: 0
      objectReference: {fileID: 0}
    - target: {fileID: 6133407557284447420, guid: 2da8bd84b59ae214a9a27648cfbd8fd9,
        type: 3}
      propertyPath: m_LocalEulerAnglesHint.x
      value: 0
      objectReference: {fileID: 0}
    - target: {fileID: 6133407557284447420, guid: 2da8bd84b59ae214a9a27648cfbd8fd9,
        type: 3}
      propertyPath: m_LocalEulerAnglesHint.y
      value: 0
      objectReference: {fileID: 0}
    - target: {fileID: 6133407557284447420, guid: 2da8bd84b59ae214a9a27648cfbd8fd9,
        type: 3}
      propertyPath: m_LocalEulerAnglesHint.z
      value: 0
      objectReference: {fileID: 0}
    - target: {fileID: 6965519556297086995, guid: 2da8bd84b59ae214a9a27648cfbd8fd9,
        type: 3}
      propertyPath: entrances.Array.data[0]
      value: 1
      objectReference: {fileID: 0}
    - target: {fileID: 6965519556297086995, guid: 2da8bd84b59ae214a9a27648cfbd8fd9,
        type: 3}
      propertyPath: entrances.Array.data[2]
      value: 1
      objectReference: {fileID: 0}
    - target: {fileID: 6965519556297086995, guid: 2da8bd84b59ae214a9a27648cfbd8fd9,
        type: 3}
      propertyPath: exits.Array.data[0]
      value: 1
      objectReference: {fileID: 0}
    - target: {fileID: 6965519556297086995, guid: 2da8bd84b59ae214a9a27648cfbd8fd9,
        type: 3}
      propertyPath: exits.Array.data[2]
      value: 0
      objectReference: {fileID: 0}
    - target: {fileID: 271974000785771651, guid: 2da8bd84b59ae214a9a27648cfbd8fd9,
        type: 3}
      propertyPath: m_LocalPosition.y
      value: 7.799999
      objectReference: {fileID: 0}
    - target: {fileID: 271974000785771651, guid: 2da8bd84b59ae214a9a27648cfbd8fd9,
        type: 3}
      propertyPath: m_LocalPosition.x
      value: 3
      objectReference: {fileID: 0}
    - target: {fileID: 3384148382625919976, guid: 2da8bd84b59ae214a9a27648cfbd8fd9,
        type: 3}
      propertyPath: m_Size.y
      value: 2.25
      objectReference: {fileID: 0}
    - target: {fileID: 3384148382625919976, guid: 2da8bd84b59ae214a9a27648cfbd8fd9,
        type: 3}
      propertyPath: m_Size.x
      value: 3.9166665
      objectReference: {fileID: 0}
    - target: {fileID: 3452351649356049477, guid: 2da8bd84b59ae214a9a27648cfbd8fd9,
        type: 3}
      propertyPath: m_Size.y
      value: 2.25
      objectReference: {fileID: 0}
    - target: {fileID: 3452351649356049477, guid: 2da8bd84b59ae214a9a27648cfbd8fd9,
        type: 3}
      propertyPath: m_Size.x
      value: 3.9166665
      objectReference: {fileID: 0}
    - target: {fileID: 4300740338812449886, guid: 2da8bd84b59ae214a9a27648cfbd8fd9,
        type: 3}
      propertyPath: m_RootOrder
      value: 2
      objectReference: {fileID: 0}
    - target: {fileID: 4300740338812449886, guid: 2da8bd84b59ae214a9a27648cfbd8fd9,
        type: 3}
      propertyPath: m_LocalPosition.y
      value: 8.2
      objectReference: {fileID: 0}
    - target: {fileID: 5410072982745533799, guid: 2da8bd84b59ae214a9a27648cfbd8fd9,
        type: 3}
      propertyPath: m_LocalPosition.y
      value: 0
      objectReference: {fileID: 0}
    - target: {fileID: 6305047697111257453, guid: 2da8bd84b59ae214a9a27648cfbd8fd9,
        type: 3}
      propertyPath: bounds.m_Extent.y
      value: 12.35
      objectReference: {fileID: 0}
    - target: {fileID: 6305047697111257453, guid: 2da8bd84b59ae214a9a27648cfbd8fd9,
        type: 3}
      propertyPath: bounds.m_Center.y
      value: 12.35
      objectReference: {fileID: 0}
    - target: {fileID: 6305047697111257453, guid: 2da8bd84b59ae214a9a27648cfbd8fd9,
        type: 3}
      propertyPath: bounds.m_Extent.x
      value: 7.85
      objectReference: {fileID: 0}
    - target: {fileID: 6086862004868259552, guid: 2da8bd84b59ae214a9a27648cfbd8fd9,
        type: 3}
      propertyPath: lineRenderers.Array.data[0]
      value: 
      objectReference: {fileID: 3748237005187925073}
    - target: {fileID: 6086862004868259552, guid: 2da8bd84b59ae214a9a27648cfbd8fd9,
        type: 3}
      propertyPath: lineRenderers.Array.data[1]
      value: 
      objectReference: {fileID: 7170685435189482433}
    - target: {fileID: 7748877989398552172, guid: 2da8bd84b59ae214a9a27648cfbd8fd9,
        type: 3}
      propertyPath: m_Size.y
      value: 2.25
      objectReference: {fileID: 0}
    - target: {fileID: 7748877989398552172, guid: 2da8bd84b59ae214a9a27648cfbd8fd9,
        type: 3}
      propertyPath: m_Size.x
      value: 3.9166665
      objectReference: {fileID: 0}
    - target: {fileID: 7266742054102463878, guid: 2da8bd84b59ae214a9a27648cfbd8fd9,
        type: 3}
      propertyPath: m_Size.y
      value: 2.25
      objectReference: {fileID: 0}
    - target: {fileID: 7266742054102463878, guid: 2da8bd84b59ae214a9a27648cfbd8fd9,
        type: 3}
      propertyPath: m_Size.x
      value: 3.9166665
      objectReference: {fileID: 0}
    - target: {fileID: 7329673868436653153, guid: 2da8bd84b59ae214a9a27648cfbd8fd9,
        type: 3}
      propertyPath: m_LocalPosition.y
      value: 0
      objectReference: {fileID: 0}
    - target: {fileID: 8924940155185061171, guid: 2da8bd84b59ae214a9a27648cfbd8fd9,
        type: 3}
      propertyPath: m_Size.y
      value: 2.25
      objectReference: {fileID: 0}
    - target: {fileID: 8924940155185061171, guid: 2da8bd84b59ae214a9a27648cfbd8fd9,
        type: 3}
      propertyPath: m_Size.x
      value: 3.9166665
      objectReference: {fileID: 0}
    - target: {fileID: 8140945441881870758, guid: 2da8bd84b59ae214a9a27648cfbd8fd9,
        type: 3}
      propertyPath: m_Size.y
      value: 2.25
      objectReference: {fileID: 0}
    - target: {fileID: 8140945441881870758, guid: 2da8bd84b59ae214a9a27648cfbd8fd9,
        type: 3}
      propertyPath: m_Size.x
      value: 3.9166665
      objectReference: {fileID: 0}
    - target: {fileID: 1403181435142272207, guid: 2da8bd84b59ae214a9a27648cfbd8fd9,
        type: 3}
      propertyPath: m_LocalPosition.y
      value: 14
      objectReference: {fileID: 0}
    - target: {fileID: 1403181435142272207, guid: 2da8bd84b59ae214a9a27648cfbd8fd9,
        type: 3}
      propertyPath: m_LocalPosition.x
      value: 7.75
      objectReference: {fileID: 0}
    - target: {fileID: 2457017947174396094, guid: 2da8bd84b59ae214a9a27648cfbd8fd9,
        type: 3}
      propertyPath: m_LocalPosition.y
      value: 14
      objectReference: {fileID: 0}
    - target: {fileID: 2457017947174396094, guid: 2da8bd84b59ae214a9a27648cfbd8fd9,
        type: 3}
      propertyPath: m_LocalPosition.x
      value: -7.75
      objectReference: {fileID: 0}
    - target: {fileID: 3924545098802868901, guid: 2da8bd84b59ae214a9a27648cfbd8fd9,
        type: 3}
      propertyPath: m_LocalPosition.y
      value: 16.65
      objectReference: {fileID: 0}
    - target: {fileID: 3924545098802868901, guid: 2da8bd84b59ae214a9a27648cfbd8fd9,
        type: 3}
      propertyPath: m_LocalPosition.x
      value: -0.00000047683716
      objectReference: {fileID: 0}
    - target: {fileID: 5600551348066909363, guid: 2da8bd84b59ae214a9a27648cfbd8fd9,
        type: 3}
      propertyPath: m_LocalPosition.y
      value: 16.65
      objectReference: {fileID: 0}
    - target: {fileID: 5600551348066909363, guid: 2da8bd84b59ae214a9a27648cfbd8fd9,
        type: 3}
      propertyPath: m_LocalPosition.x
      value: -4.666667
      objectReference: {fileID: 0}
    - target: {fileID: 6314319615969089397, guid: 2da8bd84b59ae214a9a27648cfbd8fd9,
        type: 3}
      propertyPath: m_IsActive
      value: 1
      objectReference: {fileID: 0}
    - target: {fileID: 6086862004868259565, guid: 2da8bd84b59ae214a9a27648cfbd8fd9,
        type: 3}
      propertyPath: m_IsActive
      value: 1
      objectReference: {fileID: 0}
    - target: {fileID: 6086862003929260630, guid: 2da8bd84b59ae214a9a27648cfbd8fd9,
        type: 3}
      propertyPath: m_LocalPosition.y
      value: 0
      objectReference: {fileID: 0}
    - target: {fileID: 6086862003929260630, guid: 2da8bd84b59ae214a9a27648cfbd8fd9,
        type: 3}
      propertyPath: m_LocalPosition.z
      value: -0.1
      objectReference: {fileID: 0}
    - target: {fileID: 7961142355010860864, guid: 2da8bd84b59ae214a9a27648cfbd8fd9,
        type: 3}
      propertyPath: m_LocalPosition.y
      value: -8.35
      objectReference: {fileID: 0}
    - target: {fileID: 7961142355010860864, guid: 2da8bd84b59ae214a9a27648cfbd8fd9,
        type: 3}
      propertyPath: m_LocalPosition.x
      value: -4.666667
      objectReference: {fileID: 0}
    - target: {fileID: 7933516675562778912, guid: 2da8bd84b59ae214a9a27648cfbd8fd9,
        type: 3}
      propertyPath: m_LocalPosition.y
      value: -8.35
      objectReference: {fileID: 0}
    - target: {fileID: 7933516675562778912, guid: 2da8bd84b59ae214a9a27648cfbd8fd9,
        type: 3}
      propertyPath: m_LocalPosition.x
      value: 4.666666
      objectReference: {fileID: 0}
    - target: {fileID: 7684353289270364937, guid: 2da8bd84b59ae214a9a27648cfbd8fd9,
        type: 3}
      propertyPath: m_LocalPosition.y
      value: -8.35
      objectReference: {fileID: 0}
    - target: {fileID: 7684353289270364937, guid: 2da8bd84b59ae214a9a27648cfbd8fd9,
        type: 3}
      propertyPath: m_LocalPosition.x
      value: -0.00000047683716
      objectReference: {fileID: 0}
    - target: {fileID: 8271285240381145496, guid: 2da8bd84b59ae214a9a27648cfbd8fd9,
        type: 3}
      propertyPath: m_LocalPosition.y
      value: 16.65
      objectReference: {fileID: 0}
    - target: {fileID: 8271285240381145496, guid: 2da8bd84b59ae214a9a27648cfbd8fd9,
        type: 3}
      propertyPath: m_LocalPosition.x
      value: 4.666666
      objectReference: {fileID: 0}
    - target: {fileID: 1651338319670687055, guid: 2da8bd84b59ae214a9a27648cfbd8fd9,
        type: 3}
      propertyPath: m_Size.y
      value: 28
      objectReference: {fileID: 0}
    - target: {fileID: 2849289453647896894, guid: 2da8bd84b59ae214a9a27648cfbd8fd9,
        type: 3}
      propertyPath: m_Size.y
      value: 28
      objectReference: {fileID: 0}
    - target: {fileID: 639351015212447213, guid: 2da8bd84b59ae214a9a27648cfbd8fd9,
        type: 3}
      propertyPath: m_SpriteTilingProperty.newSize.y
      value: 28
      objectReference: {fileID: 0}
    - target: {fileID: 639351015212447213, guid: 2da8bd84b59ae214a9a27648cfbd8fd9,
        type: 3}
      propertyPath: m_Size.y
      value: 1
      objectReference: {fileID: 0}
    - target: {fileID: 4161150712803287452, guid: 2da8bd84b59ae214a9a27648cfbd8fd9,
        type: 3}
      propertyPath: m_SpriteTilingProperty.newSize.y
      value: 28
      objectReference: {fileID: 0}
    - target: {fileID: 4161150712803287452, guid: 2da8bd84b59ae214a9a27648cfbd8fd9,
        type: 3}
      propertyPath: m_Size.y
      value: 1
      objectReference: {fileID: 0}
    - target: {fileID: 6086862003929260650, guid: 2da8bd84b59ae214a9a27648cfbd8fd9,
        type: 3}
      propertyPath: m_Mesh
      value: 
      objectReference: {fileID: 4300000, guid: a352d631678ad04438b57bf75b5f90f3, type: 2}
    - target: {fileID: 2129085443969633429, guid: 2da8bd84b59ae214a9a27648cfbd8fd9,
        type: 3}
      propertyPath: m_LocalPosition.y
      value: 28
      objectReference: {fileID: 0}
    m_RemovedComponents: []
  m_SourcePrefab: {fileID: 100100000, guid: 2da8bd84b59ae214a9a27648cfbd8fd9, type: 3}
--- !u!4 &1043039271441947154 stripped
Transform:
  m_CorrespondingSourceObject: {fileID: 50071852840315713, guid: 2da8bd84b59ae214a9a27648cfbd8fd9,
    type: 3}
  m_PrefabInstance: {fileID: 1065236162385195347}
  m_PrefabAsset: {fileID: 0}
--- !u!4 &6534892501011017661 stripped
Transform:
  m_CorrespondingSourceObject: {fileID: 6086862004868259566, guid: 2da8bd84b59ae214a9a27648cfbd8fd9,
    type: 3}
  m_PrefabInstance: {fileID: 1065236162385195347}
  m_PrefabAsset: {fileID: 0}
--- !u!4 &7741759407481943346 stripped
Transform:
  m_CorrespondingSourceObject: {fileID: 7329673868436653153, guid: 2da8bd84b59ae214a9a27648cfbd8fd9,
    type: 3}
  m_PrefabInstance: {fileID: 1065236162385195347}
  m_PrefabAsset: {fileID: 0}
--- !u!4 &3848103952352888077 stripped
Transform:
  m_CorrespondingSourceObject: {fileID: 4300740338812449886, guid: 2da8bd84b59ae214a9a27648cfbd8fd9,
    type: 3}
  m_PrefabInstance: {fileID: 1065236162385195347}
  m_PrefabAsset: {fileID: 0}
--- !u!1001 &1616558620700177123
PrefabInstance:
  m_ObjectHideFlags: 0
  serializedVersion: 2
  m_Modification:
    m_TransformParent: {fileID: 7741759407481943346}
    m_Modifications:
    - target: {fileID: 9086937825827214085, guid: 6cee7cd29e9557740b7045ddd784f9fe,
        type: 3}
      propertyPath: m_Name
      value: MovingHostilePlatform (4)
      objectReference: {fileID: 0}
    - target: {fileID: 9086937825826983719, guid: 6cee7cd29e9557740b7045ddd784f9fe,
        type: 3}
      propertyPath: m_LocalPosition.x
      value: 5.00592
      objectReference: {fileID: 0}
    - target: {fileID: 9086937825826983719, guid: 6cee7cd29e9557740b7045ddd784f9fe,
        type: 3}
      propertyPath: m_LocalPosition.y
      value: 16.2
      objectReference: {fileID: 0}
    - target: {fileID: 9086937825826983719, guid: 6cee7cd29e9557740b7045ddd784f9fe,
        type: 3}
      propertyPath: m_LocalPosition.z
      value: 0
      objectReference: {fileID: 0}
    - target: {fileID: 9086937825826983719, guid: 6cee7cd29e9557740b7045ddd784f9fe,
        type: 3}
      propertyPath: m_LocalRotation.x
      value: -0
      objectReference: {fileID: 0}
    - target: {fileID: 9086937825826983719, guid: 6cee7cd29e9557740b7045ddd784f9fe,
        type: 3}
      propertyPath: m_LocalRotation.y
      value: -0
      objectReference: {fileID: 0}
    - target: {fileID: 9086937825826983719, guid: 6cee7cd29e9557740b7045ddd784f9fe,
        type: 3}
      propertyPath: m_LocalRotation.z
      value: -0
      objectReference: {fileID: 0}
    - target: {fileID: 9086937825826983719, guid: 6cee7cd29e9557740b7045ddd784f9fe,
        type: 3}
      propertyPath: m_LocalRotation.w
      value: 1
      objectReference: {fileID: 0}
    - target: {fileID: 9086937825826983719, guid: 6cee7cd29e9557740b7045ddd784f9fe,
        type: 3}
      propertyPath: m_RootOrder
      value: 7
      objectReference: {fileID: 0}
    - target: {fileID: 9086937825826983719, guid: 6cee7cd29e9557740b7045ddd784f9fe,
        type: 3}
      propertyPath: m_LocalEulerAnglesHint.x
      value: 0
      objectReference: {fileID: 0}
    - target: {fileID: 9086937825826983719, guid: 6cee7cd29e9557740b7045ddd784f9fe,
        type: 3}
      propertyPath: m_LocalEulerAnglesHint.y
      value: 0
      objectReference: {fileID: 0}
    - target: {fileID: 9086937825826983719, guid: 6cee7cd29e9557740b7045ddd784f9fe,
        type: 3}
      propertyPath: m_LocalEulerAnglesHint.z
      value: 0
      objectReference: {fileID: 0}
    - target: {fileID: 8391211018904862895, guid: 6cee7cd29e9557740b7045ddd784f9fe,
        type: 3}
      propertyPath: m_LocalPosition.x
      value: -1
      objectReference: {fileID: 0}
    - target: {fileID: 1146210271812378117, guid: 6cee7cd29e9557740b7045ddd784f9fe,
        type: 3}
      propertyPath: m_LocalPosition.x
      value: 4
      objectReference: {fileID: 0}
    - target: {fileID: 1081499001298843872, guid: 6cee7cd29e9557740b7045ddd784f9fe,
        type: 3}
      propertyPath: m_LocalPosition.y
      value: 0
      objectReference: {fileID: 0}
    - target: {fileID: 1081499001298843872, guid: 6cee7cd29e9557740b7045ddd784f9fe,
        type: 3}
      propertyPath: m_LocalPosition.x
      value: -1
      objectReference: {fileID: 0}
    - target: {fileID: 8731931171014617731, guid: 6cee7cd29e9557740b7045ddd784f9fe,
        type: 3}
      propertyPath: curve.m_Curve.Array.size
      value: 2
      objectReference: {fileID: 0}
    - target: {fileID: 8731931171014617731, guid: 6cee7cd29e9557740b7045ddd784f9fe,
        type: 3}
      propertyPath: startOffset
      value: 0.01
      objectReference: {fileID: 0}
    - target: {fileID: 8731931171014617731, guid: 6cee7cd29e9557740b7045ddd784f9fe,
        type: 3}
      propertyPath: curve.m_Curve.Array.data[1].time
      value: 1
      objectReference: {fileID: 0}
    - target: {fileID: 8731931171014617731, guid: 6cee7cd29e9557740b7045ddd784f9fe,
        type: 3}
      propertyPath: curve.m_Curve.Array.data[1].value
      value: 1
      objectReference: {fileID: 0}
    - target: {fileID: 8731931171014617731, guid: 6cee7cd29e9557740b7045ddd784f9fe,
        type: 3}
      propertyPath: curve.m_Curve.Array.data[1].inWeight
      value: 0
      objectReference: {fileID: 0}
    - target: {fileID: 8731931171014617731, guid: 6cee7cd29e9557740b7045ddd784f9fe,
        type: 3}
      propertyPath: curve.m_Curve.Array.data[1].outWeight
      value: 0
      objectReference: {fileID: 0}
    - target: {fileID: 8731931171014617731, guid: 6cee7cd29e9557740b7045ddd784f9fe,
        type: 3}
      propertyPath: duration
      value: 22
      objectReference: {fileID: 0}
    - target: {fileID: 1396953368926491780, guid: 6cee7cd29e9557740b7045ddd784f9fe,
        type: 3}
      propertyPath: m_Parameters.colorGradient.key0.r
      value: 0.87058824
      objectReference: {fileID: 0}
    - target: {fileID: 1396953368926491780, guid: 6cee7cd29e9557740b7045ddd784f9fe,
        type: 3}
      propertyPath: m_Parameters.colorGradient.key0.b
      value: 0.39607844
      objectReference: {fileID: 0}
    - target: {fileID: 1396953368926491780, guid: 6cee7cd29e9557740b7045ddd784f9fe,
        type: 3}
      propertyPath: m_Parameters.colorGradient.key1.r
      value: 0.87058824
      objectReference: {fileID: 0}
    - target: {fileID: 1396953368926491780, guid: 6cee7cd29e9557740b7045ddd784f9fe,
        type: 3}
      propertyPath: m_Parameters.colorGradient.key1.b
      value: 0.39607844
      objectReference: {fileID: 0}
    - target: {fileID: 1396953368926491780, guid: 6cee7cd29e9557740b7045ddd784f9fe,
        type: 3}
      propertyPath: m_Positions.Array.data[0].x
      value: -1
      objectReference: {fileID: 0}
    - target: {fileID: 2721365010143538611, guid: 6cee7cd29e9557740b7045ddd784f9fe,
        type: 3}
      propertyPath: m_SpriteTilingProperty.newSize.x
      value: 4
      objectReference: {fileID: 0}
    - target: {fileID: 2721365010143538611, guid: 6cee7cd29e9557740b7045ddd784f9fe,
        type: 3}
      propertyPath: m_Size.x
      value: 1
      objectReference: {fileID: 0}
    - target: {fileID: 2721365010143538611, guid: 6cee7cd29e9557740b7045ddd784f9fe,
        type: 3}
      propertyPath: m_SpriteTilingProperty.newSize.y
      value: 5
      objectReference: {fileID: 0}
    - target: {fileID: 2721365010143538611, guid: 6cee7cd29e9557740b7045ddd784f9fe,
        type: 3}
      propertyPath: m_Size.y
      value: 1
      objectReference: {fileID: 0}
    - target: {fileID: 761637184867318112, guid: 6cee7cd29e9557740b7045ddd784f9fe,
        type: 3}
      propertyPath: m_Size.y
      value: 5
      objectReference: {fileID: 0}
    m_RemovedComponents: []
  m_SourcePrefab: {fileID: 100100000, guid: 6cee7cd29e9557740b7045ddd784f9fe, type: 3}
--- !u!1001 &4797343438341583895
PrefabInstance:
  m_ObjectHideFlags: 0
  serializedVersion: 2
  m_Modification:
    m_TransformParent: {fileID: 7741759407481943346}
    m_Modifications:
    - target: {fileID: 9086937825827214085, guid: 6cee7cd29e9557740b7045ddd784f9fe,
        type: 3}
      propertyPath: m_Name
      value: MovingHostilePlatform (2)
      objectReference: {fileID: 0}
    - target: {fileID: 9086937825826983719, guid: 6cee7cd29e9557740b7045ddd784f9fe,
        type: 3}
      propertyPath: m_LocalPosition.x
      value: -9
      objectReference: {fileID: 0}
    - target: {fileID: 9086937825826983719, guid: 6cee7cd29e9557740b7045ddd784f9fe,
        type: 3}
      propertyPath: m_LocalPosition.y
      value: 21.199999
      objectReference: {fileID: 0}
    - target: {fileID: 9086937825826983719, guid: 6cee7cd29e9557740b7045ddd784f9fe,
        type: 3}
      propertyPath: m_LocalPosition.z
      value: 0
      objectReference: {fileID: 0}
    - target: {fileID: 9086937825826983719, guid: 6cee7cd29e9557740b7045ddd784f9fe,
        type: 3}
      propertyPath: m_LocalRotation.x
      value: -0
      objectReference: {fileID: 0}
    - target: {fileID: 9086937825826983719, guid: 6cee7cd29e9557740b7045ddd784f9fe,
        type: 3}
      propertyPath: m_LocalRotation.y
      value: -0
      objectReference: {fileID: 0}
    - target: {fileID: 9086937825826983719, guid: 6cee7cd29e9557740b7045ddd784f9fe,
        type: 3}
      propertyPath: m_LocalRotation.z
      value: -0
      objectReference: {fileID: 0}
    - target: {fileID: 9086937825826983719, guid: 6cee7cd29e9557740b7045ddd784f9fe,
        type: 3}
      propertyPath: m_LocalRotation.w
      value: 1
      objectReference: {fileID: 0}
    - target: {fileID: 9086937825826983719, guid: 6cee7cd29e9557740b7045ddd784f9fe,
        type: 3}
      propertyPath: m_RootOrder
      value: 5
      objectReference: {fileID: 0}
    - target: {fileID: 9086937825826983719, guid: 6cee7cd29e9557740b7045ddd784f9fe,
        type: 3}
      propertyPath: m_LocalEulerAnglesHint.x
      value: 0
      objectReference: {fileID: 0}
    - target: {fileID: 9086937825826983719, guid: 6cee7cd29e9557740b7045ddd784f9fe,
        type: 3}
      propertyPath: m_LocalEulerAnglesHint.y
      value: 0
      objectReference: {fileID: 0}
    - target: {fileID: 9086937825826983719, guid: 6cee7cd29e9557740b7045ddd784f9fe,
        type: 3}
      propertyPath: m_LocalEulerAnglesHint.z
      value: 0
      objectReference: {fileID: 0}
    - target: {fileID: 8391211018904862895, guid: 6cee7cd29e9557740b7045ddd784f9fe,
        type: 3}
      propertyPath: m_LocalPosition.x
      value: -1
      objectReference: {fileID: 0}
    - target: {fileID: 1146210271812378117, guid: 6cee7cd29e9557740b7045ddd784f9fe,
        type: 3}
      propertyPath: m_LocalPosition.x
      value: 4
      objectReference: {fileID: 0}
    - target: {fileID: 1081499001298843872, guid: 6cee7cd29e9557740b7045ddd784f9fe,
        type: 3}
      propertyPath: m_LocalPosition.y
      value: 0
      objectReference: {fileID: 0}
    - target: {fileID: 1081499001298843872, guid: 6cee7cd29e9557740b7045ddd784f9fe,
        type: 3}
      propertyPath: m_LocalPosition.x
      value: -1
      objectReference: {fileID: 0}
    - target: {fileID: 8731931171014617731, guid: 6cee7cd29e9557740b7045ddd784f9fe,
        type: 3}
      propertyPath: curve.m_Curve.Array.size
      value: 2
      objectReference: {fileID: 0}
    - target: {fileID: 8731931171014617731, guid: 6cee7cd29e9557740b7045ddd784f9fe,
        type: 3}
      propertyPath: startOffset
      value: 0
      objectReference: {fileID: 0}
    - target: {fileID: 8731931171014617731, guid: 6cee7cd29e9557740b7045ddd784f9fe,
        type: 3}
      propertyPath: curve.m_Curve.Array.data[1].time
      value: 1
      objectReference: {fileID: 0}
    - target: {fileID: 8731931171014617731, guid: 6cee7cd29e9557740b7045ddd784f9fe,
        type: 3}
      propertyPath: curve.m_Curve.Array.data[1].value
      value: 1
      objectReference: {fileID: 0}
    - target: {fileID: 8731931171014617731, guid: 6cee7cd29e9557740b7045ddd784f9fe,
        type: 3}
      propertyPath: curve.m_Curve.Array.data[1].inWeight
      value: 0
      objectReference: {fileID: 0}
    - target: {fileID: 8731931171014617731, guid: 6cee7cd29e9557740b7045ddd784f9fe,
        type: 3}
      propertyPath: curve.m_Curve.Array.data[1].outWeight
      value: 0
      objectReference: {fileID: 0}
    - target: {fileID: 8731931171014617731, guid: 6cee7cd29e9557740b7045ddd784f9fe,
        type: 3}
      propertyPath: duration
      value: 22
      objectReference: {fileID: 0}
    - target: {fileID: 1396953368926491780, guid: 6cee7cd29e9557740b7045ddd784f9fe,
        type: 3}
      propertyPath: m_Positions.Array.data[0].x
      value: -1
      objectReference: {fileID: 0}
    - target: {fileID: 2721365010143538611, guid: 6cee7cd29e9557740b7045ddd784f9fe,
        type: 3}
      propertyPath: m_SpriteTilingProperty.newSize.x
      value: 4
      objectReference: {fileID: 0}
    - target: {fileID: 2721365010143538611, guid: 6cee7cd29e9557740b7045ddd784f9fe,
        type: 3}
      propertyPath: m_Size.x
      value: 1
      objectReference: {fileID: 0}
    - target: {fileID: 2721365010143538611, guid: 6cee7cd29e9557740b7045ddd784f9fe,
        type: 3}
      propertyPath: m_SpriteTilingProperty.newSize.y
      value: 5
      objectReference: {fileID: 0}
    - target: {fileID: 2721365010143538611, guid: 6cee7cd29e9557740b7045ddd784f9fe,
        type: 3}
      propertyPath: m_Size.y
      value: 1
      objectReference: {fileID: 0}
    - target: {fileID: 761637184867318112, guid: 6cee7cd29e9557740b7045ddd784f9fe,
        type: 3}
      propertyPath: m_Size.y
      value: 5
      objectReference: {fileID: 0}
    m_RemovedComponents: []
  m_SourcePrefab: {fileID: 100100000, guid: 6cee7cd29e9557740b7045ddd784f9fe, type: 3}
--- !u!1001 &5340323373638707081
PrefabInstance:
  m_ObjectHideFlags: 0
  serializedVersion: 2
  m_Modification:
    m_TransformParent: {fileID: 7741759407481943346}
    m_Modifications:
    - target: {fileID: 9086937825827214085, guid: 6cee7cd29e9557740b7045ddd784f9fe,
        type: 3}
      propertyPath: m_Name
      value: MovingHostilePlatform (5)
      objectReference: {fileID: 0}
    - target: {fileID: 9086937825826983719, guid: 6cee7cd29e9557740b7045ddd784f9fe,
        type: 3}
      propertyPath: m_LocalPosition.x
      value: 5.0233603
      objectReference: {fileID: 0}
    - target: {fileID: 9086937825826983719, guid: 6cee7cd29e9557740b7045ddd784f9fe,
        type: 3}
      propertyPath: m_LocalPosition.y
      value: 21.199999
      objectReference: {fileID: 0}
    - target: {fileID: 9086937825826983719, guid: 6cee7cd29e9557740b7045ddd784f9fe,
        type: 3}
      propertyPath: m_LocalPosition.z
      value: 0
      objectReference: {fileID: 0}
    - target: {fileID: 9086937825826983719, guid: 6cee7cd29e9557740b7045ddd784f9fe,
        type: 3}
      propertyPath: m_LocalRotation.x
      value: -0
      objectReference: {fileID: 0}
    - target: {fileID: 9086937825826983719, guid: 6cee7cd29e9557740b7045ddd784f9fe,
        type: 3}
      propertyPath: m_LocalRotation.y
      value: -0
      objectReference: {fileID: 0}
    - target: {fileID: 9086937825826983719, guid: 6cee7cd29e9557740b7045ddd784f9fe,
        type: 3}
      propertyPath: m_LocalRotation.z
      value: -0
      objectReference: {fileID: 0}
    - target: {fileID: 9086937825826983719, guid: 6cee7cd29e9557740b7045ddd784f9fe,
        type: 3}
      propertyPath: m_LocalRotation.w
      value: 1
      objectReference: {fileID: 0}
    - target: {fileID: 9086937825826983719, guid: 6cee7cd29e9557740b7045ddd784f9fe,
        type: 3}
      propertyPath: m_RootOrder
      value: 8
      objectReference: {fileID: 0}
    - target: {fileID: 9086937825826983719, guid: 6cee7cd29e9557740b7045ddd784f9fe,
        type: 3}
      propertyPath: m_LocalEulerAnglesHint.x
      value: 0
      objectReference: {fileID: 0}
    - target: {fileID: 9086937825826983719, guid: 6cee7cd29e9557740b7045ddd784f9fe,
        type: 3}
      propertyPath: m_LocalEulerAnglesHint.y
      value: 0
      objectReference: {fileID: 0}
    - target: {fileID: 9086937825826983719, guid: 6cee7cd29e9557740b7045ddd784f9fe,
        type: 3}
      propertyPath: m_LocalEulerAnglesHint.z
      value: 0
      objectReference: {fileID: 0}
    - target: {fileID: 8391211018904862895, guid: 6cee7cd29e9557740b7045ddd784f9fe,
        type: 3}
      propertyPath: m_LocalPosition.x
      value: -1
      objectReference: {fileID: 0}
    - target: {fileID: 1146210271812378117, guid: 6cee7cd29e9557740b7045ddd784f9fe,
        type: 3}
      propertyPath: m_LocalPosition.x
      value: 4
      objectReference: {fileID: 0}
    - target: {fileID: 1081499001298843872, guid: 6cee7cd29e9557740b7045ddd784f9fe,
        type: 3}
      propertyPath: m_LocalPosition.y
      value: 0
      objectReference: {fileID: 0}
    - target: {fileID: 1081499001298843872, guid: 6cee7cd29e9557740b7045ddd784f9fe,
        type: 3}
      propertyPath: m_LocalPosition.x
      value: -1
      objectReference: {fileID: 0}
    - target: {fileID: 8731931171014617731, guid: 6cee7cd29e9557740b7045ddd784f9fe,
        type: 3}
      propertyPath: curve.m_Curve.Array.size
      value: 2
      objectReference: {fileID: 0}
    - target: {fileID: 8731931171014617731, guid: 6cee7cd29e9557740b7045ddd784f9fe,
        type: 3}
      propertyPath: startOffset
      value: 0.02
      objectReference: {fileID: 0}
    - target: {fileID: 8731931171014617731, guid: 6cee7cd29e9557740b7045ddd784f9fe,
        type: 3}
      propertyPath: curve.m_Curve.Array.data[1].time
      value: 1
      objectReference: {fileID: 0}
    - target: {fileID: 8731931171014617731, guid: 6cee7cd29e9557740b7045ddd784f9fe,
        type: 3}
      propertyPath: curve.m_Curve.Array.data[1].value
      value: 1
      objectReference: {fileID: 0}
    - target: {fileID: 8731931171014617731, guid: 6cee7cd29e9557740b7045ddd784f9fe,
        type: 3}
      propertyPath: curve.m_Curve.Array.data[1].inWeight
      value: 0
      objectReference: {fileID: 0}
    - target: {fileID: 8731931171014617731, guid: 6cee7cd29e9557740b7045ddd784f9fe,
        type: 3}
      propertyPath: curve.m_Curve.Array.data[1].outWeight
      value: 0
      objectReference: {fileID: 0}
    - target: {fileID: 8731931171014617731, guid: 6cee7cd29e9557740b7045ddd784f9fe,
        type: 3}
      propertyPath: duration
      value: 22
      objectReference: {fileID: 0}
    - target: {fileID: 1396953368926491780, guid: 6cee7cd29e9557740b7045ddd784f9fe,
        type: 3}
      propertyPath: m_Parameters.colorGradient.key0.r
      value: 0.85490197
      objectReference: {fileID: 0}
    - target: {fileID: 1396953368926491780, guid: 6cee7cd29e9557740b7045ddd784f9fe,
        type: 3}
      propertyPath: m_Parameters.colorGradient.key0.b
      value: 0.41960785
      objectReference: {fileID: 0}
    - target: {fileID: 1396953368926491780, guid: 6cee7cd29e9557740b7045ddd784f9fe,
        type: 3}
      propertyPath: m_Parameters.colorGradient.key1.r
      value: 0.85490197
      objectReference: {fileID: 0}
    - target: {fileID: 1396953368926491780, guid: 6cee7cd29e9557740b7045ddd784f9fe,
        type: 3}
      propertyPath: m_Parameters.colorGradient.key1.b
      value: 0.41960785
      objectReference: {fileID: 0}
    - target: {fileID: 1396953368926491780, guid: 6cee7cd29e9557740b7045ddd784f9fe,
        type: 3}
      propertyPath: m_Positions.Array.data[0].x
      value: -1
      objectReference: {fileID: 0}
    - target: {fileID: 2721365010143538611, guid: 6cee7cd29e9557740b7045ddd784f9fe,
        type: 3}
      propertyPath: m_SpriteTilingProperty.newSize.x
      value: 4
      objectReference: {fileID: 0}
    - target: {fileID: 2721365010143538611, guid: 6cee7cd29e9557740b7045ddd784f9fe,
        type: 3}
      propertyPath: m_Size.x
      value: 1
      objectReference: {fileID: 0}
    - target: {fileID: 2721365010143538611, guid: 6cee7cd29e9557740b7045ddd784f9fe,
        type: 3}
      propertyPath: m_SpriteTilingProperty.newSize.y
      value: 5
      objectReference: {fileID: 0}
    - target: {fileID: 2721365010143538611, guid: 6cee7cd29e9557740b7045ddd784f9fe,
        type: 3}
      propertyPath: m_Size.y
      value: 1
      objectReference: {fileID: 0}
    - target: {fileID: 761637184867318112, guid: 6cee7cd29e9557740b7045ddd784f9fe,
        type: 3}
      propertyPath: m_Size.y
      value: 5
      objectReference: {fileID: 0}
    m_RemovedComponents: []
  m_SourcePrefab: {fileID: 100100000, guid: 6cee7cd29e9557740b7045ddd784f9fe, type: 3}
--- !u!1001 &7431087101375817621
PrefabInstance:
  m_ObjectHideFlags: 0
  serializedVersion: 2
  m_Modification:
    m_TransformParent: {fileID: 7741759407481943346}
    m_Modifications:
    - target: {fileID: 9086937825827214085, guid: 6cee7cd29e9557740b7045ddd784f9fe,
        type: 3}
      propertyPath: m_Name
      value: MovingHostilePlatform (3)
      objectReference: {fileID: 0}
    - target: {fileID: 9086937825826983719, guid: 6cee7cd29e9557740b7045ddd784f9fe,
        type: 3}
      propertyPath: m_LocalPosition.x
      value: 5
      objectReference: {fileID: 0}
    - target: {fileID: 9086937825826983719, guid: 6cee7cd29e9557740b7045ddd784f9fe,
        type: 3}
      propertyPath: m_LocalPosition.y
      value: 11.2
      objectReference: {fileID: 0}
    - target: {fileID: 9086937825826983719, guid: 6cee7cd29e9557740b7045ddd784f9fe,
        type: 3}
      propertyPath: m_LocalPosition.z
      value: 0
      objectReference: {fileID: 0}
    - target: {fileID: 9086937825826983719, guid: 6cee7cd29e9557740b7045ddd784f9fe,
        type: 3}
      propertyPath: m_LocalRotation.x
      value: -0
      objectReference: {fileID: 0}
    - target: {fileID: 9086937825826983719, guid: 6cee7cd29e9557740b7045ddd784f9fe,
        type: 3}
      propertyPath: m_LocalRotation.y
      value: -0
      objectReference: {fileID: 0}
    - target: {fileID: 9086937825826983719, guid: 6cee7cd29e9557740b7045ddd784f9fe,
        type: 3}
      propertyPath: m_LocalRotation.z
      value: -0
      objectReference: {fileID: 0}
    - target: {fileID: 9086937825826983719, guid: 6cee7cd29e9557740b7045ddd784f9fe,
        type: 3}
      propertyPath: m_LocalRotation.w
      value: 1
      objectReference: {fileID: 0}
    - target: {fileID: 9086937825826983719, guid: 6cee7cd29e9557740b7045ddd784f9fe,
        type: 3}
      propertyPath: m_RootOrder
      value: 6
      objectReference: {fileID: 0}
    - target: {fileID: 9086937825826983719, guid: 6cee7cd29e9557740b7045ddd784f9fe,
        type: 3}
      propertyPath: m_LocalEulerAnglesHint.x
      value: 0
      objectReference: {fileID: 0}
    - target: {fileID: 9086937825826983719, guid: 6cee7cd29e9557740b7045ddd784f9fe,
        type: 3}
      propertyPath: m_LocalEulerAnglesHint.y
      value: 0
      objectReference: {fileID: 0}
    - target: {fileID: 9086937825826983719, guid: 6cee7cd29e9557740b7045ddd784f9fe,
        type: 3}
      propertyPath: m_LocalEulerAnglesHint.z
      value: 0
      objectReference: {fileID: 0}
    - target: {fileID: 8391211018904862895, guid: 6cee7cd29e9557740b7045ddd784f9fe,
        type: 3}
      propertyPath: m_LocalPosition.x
      value: -1
      objectReference: {fileID: 0}
    - target: {fileID: 1146210271812378117, guid: 6cee7cd29e9557740b7045ddd784f9fe,
        type: 3}
      propertyPath: m_LocalPosition.x
      value: 4
      objectReference: {fileID: 0}
    - target: {fileID: 1081499001298843872, guid: 6cee7cd29e9557740b7045ddd784f9fe,
        type: 3}
      propertyPath: m_LocalPosition.y
      value: 0
      objectReference: {fileID: 0}
    - target: {fileID: 1081499001298843872, guid: 6cee7cd29e9557740b7045ddd784f9fe,
        type: 3}
      propertyPath: m_LocalPosition.x
      value: -1
      objectReference: {fileID: 0}
    - target: {fileID: 8731931171014617731, guid: 6cee7cd29e9557740b7045ddd784f9fe,
        type: 3}
      propertyPath: curve.m_Curve.Array.size
      value: 2
      objectReference: {fileID: 0}
    - target: {fileID: 8731931171014617731, guid: 6cee7cd29e9557740b7045ddd784f9fe,
        type: 3}
      propertyPath: startOffset
      value: 0
      objectReference: {fileID: 0}
    - target: {fileID: 8731931171014617731, guid: 6cee7cd29e9557740b7045ddd784f9fe,
        type: 3}
      propertyPath: curve.m_Curve.Array.data[1].time
      value: 1
      objectReference: {fileID: 0}
    - target: {fileID: 8731931171014617731, guid: 6cee7cd29e9557740b7045ddd784f9fe,
        type: 3}
      propertyPath: curve.m_Curve.Array.data[1].value
      value: 1
      objectReference: {fileID: 0}
    - target: {fileID: 8731931171014617731, guid: 6cee7cd29e9557740b7045ddd784f9fe,
        type: 3}
      propertyPath: curve.m_Curve.Array.data[1].inWeight
      value: 0
      objectReference: {fileID: 0}
    - target: {fileID: 8731931171014617731, guid: 6cee7cd29e9557740b7045ddd784f9fe,
        type: 3}
      propertyPath: curve.m_Curve.Array.data[1].outWeight
      value: 0
      objectReference: {fileID: 0}
    - target: {fileID: 8731931171014617731, guid: 6cee7cd29e9557740b7045ddd784f9fe,
        type: 3}
      propertyPath: duration
      value: 22
      objectReference: {fileID: 0}
    - target: {fileID: 1396953368926491780, guid: 6cee7cd29e9557740b7045ddd784f9fe,
        type: 3}
      propertyPath: m_Positions.Array.data[0].x
      value: -1
      objectReference: {fileID: 0}
    - target: {fileID: 2721365010143538611, guid: 6cee7cd29e9557740b7045ddd784f9fe,
        type: 3}
      propertyPath: m_SpriteTilingProperty.newSize.x
      value: 4
      objectReference: {fileID: 0}
    - target: {fileID: 2721365010143538611, guid: 6cee7cd29e9557740b7045ddd784f9fe,
        type: 3}
      propertyPath: m_Size.x
      value: 1
      objectReference: {fileID: 0}
    - target: {fileID: 2721365010143538611, guid: 6cee7cd29e9557740b7045ddd784f9fe,
        type: 3}
      propertyPath: m_SpriteTilingProperty.newSize.y
      value: 5
      objectReference: {fileID: 0}
    - target: {fileID: 2721365010143538611, guid: 6cee7cd29e9557740b7045ddd784f9fe,
        type: 3}
      propertyPath: m_Size.y
      value: 1
      objectReference: {fileID: 0}
    - target: {fileID: 761637184867318112, guid: 6cee7cd29e9557740b7045ddd784f9fe,
        type: 3}
      propertyPath: m_Size.y
      value: 5
      objectReference: {fileID: 0}
    m_RemovedComponents: []
  m_SourcePrefab: {fileID: 100100000, guid: 6cee7cd29e9557740b7045ddd784f9fe, type: 3}
--- !u!1001 &7555274855288291425
PrefabInstance:
  m_ObjectHideFlags: 0
  serializedVersion: 2
  m_Modification:
    m_TransformParent: {fileID: 7741759407481943346}
    m_Modifications:
    - target: {fileID: 9086937825827214085, guid: 6cee7cd29e9557740b7045ddd784f9fe,
        type: 3}
      propertyPath: m_Name
      value: MovingHostilePlatform (1)
      objectReference: {fileID: 0}
    - target: {fileID: 9086937825826983719, guid: 6cee7cd29e9557740b7045ddd784f9fe,
        type: 3}
      propertyPath: m_LocalPosition.x
      value: -9
      objectReference: {fileID: 0}
    - target: {fileID: 9086937825826983719, guid: 6cee7cd29e9557740b7045ddd784f9fe,
        type: 3}
      propertyPath: m_LocalPosition.y
      value: 16.2
      objectReference: {fileID: 0}
    - target: {fileID: 9086937825826983719, guid: 6cee7cd29e9557740b7045ddd784f9fe,
        type: 3}
      propertyPath: m_LocalPosition.z
      value: 0
      objectReference: {fileID: 0}
    - target: {fileID: 9086937825826983719, guid: 6cee7cd29e9557740b7045ddd784f9fe,
        type: 3}
      propertyPath: m_LocalRotation.x
      value: -0
      objectReference: {fileID: 0}
    - target: {fileID: 9086937825826983719, guid: 6cee7cd29e9557740b7045ddd784f9fe,
        type: 3}
      propertyPath: m_LocalRotation.y
      value: -0
      objectReference: {fileID: 0}
    - target: {fileID: 9086937825826983719, guid: 6cee7cd29e9557740b7045ddd784f9fe,
        type: 3}
      propertyPath: m_LocalRotation.z
      value: -0
      objectReference: {fileID: 0}
    - target: {fileID: 9086937825826983719, guid: 6cee7cd29e9557740b7045ddd784f9fe,
        type: 3}
      propertyPath: m_LocalRotation.w
      value: 1
      objectReference: {fileID: 0}
    - target: {fileID: 9086937825826983719, guid: 6cee7cd29e9557740b7045ddd784f9fe,
        type: 3}
      propertyPath: m_RootOrder
      value: 4
      objectReference: {fileID: 0}
    - target: {fileID: 9086937825826983719, guid: 6cee7cd29e9557740b7045ddd784f9fe,
        type: 3}
      propertyPath: m_LocalEulerAnglesHint.x
      value: 0
      objectReference: {fileID: 0}
    - target: {fileID: 9086937825826983719, guid: 6cee7cd29e9557740b7045ddd784f9fe,
        type: 3}
      propertyPath: m_LocalEulerAnglesHint.y
      value: 0
      objectReference: {fileID: 0}
    - target: {fileID: 9086937825826983719, guid: 6cee7cd29e9557740b7045ddd784f9fe,
        type: 3}
      propertyPath: m_LocalEulerAnglesHint.z
      value: 0
      objectReference: {fileID: 0}
    - target: {fileID: 8391211018904862895, guid: 6cee7cd29e9557740b7045ddd784f9fe,
        type: 3}
      propertyPath: m_LocalPosition.x
      value: -1
      objectReference: {fileID: 0}
    - target: {fileID: 1146210271812378117, guid: 6cee7cd29e9557740b7045ddd784f9fe,
        type: 3}
      propertyPath: m_LocalPosition.x
      value: 4
      objectReference: {fileID: 0}
    - target: {fileID: 1081499001298843872, guid: 6cee7cd29e9557740b7045ddd784f9fe,
        type: 3}
      propertyPath: m_LocalPosition.y
      value: 0
      objectReference: {fileID: 0}
    - target: {fileID: 1081499001298843872, guid: 6cee7cd29e9557740b7045ddd784f9fe,
        type: 3}
      propertyPath: m_LocalPosition.x
      value: -1
      objectReference: {fileID: 0}
    - target: {fileID: 8731931171014617731, guid: 6cee7cd29e9557740b7045ddd784f9fe,
        type: 3}
      propertyPath: curve.m_Curve.Array.size
      value: 2
      objectReference: {fileID: 0}
    - target: {fileID: 8731931171014617731, guid: 6cee7cd29e9557740b7045ddd784f9fe,
        type: 3}
      propertyPath: startOffset
      value: 0
      objectReference: {fileID: 0}
    - target: {fileID: 8731931171014617731, guid: 6cee7cd29e9557740b7045ddd784f9fe,
        type: 3}
      propertyPath: curve.m_Curve.Array.data[1].time
      value: 1
      objectReference: {fileID: 0}
    - target: {fileID: 8731931171014617731, guid: 6cee7cd29e9557740b7045ddd784f9fe,
        type: 3}
      propertyPath: curve.m_Curve.Array.data[1].value
      value: 1
      objectReference: {fileID: 0}
    - target: {fileID: 8731931171014617731, guid: 6cee7cd29e9557740b7045ddd784f9fe,
        type: 3}
      propertyPath: curve.m_Curve.Array.data[1].inWeight
      value: 0
      objectReference: {fileID: 0}
    - target: {fileID: 8731931171014617731, guid: 6cee7cd29e9557740b7045ddd784f9fe,
        type: 3}
      propertyPath: curve.m_Curve.Array.data[1].outWeight
      value: 0
      objectReference: {fileID: 0}
    - target: {fileID: 8731931171014617731, guid: 6cee7cd29e9557740b7045ddd784f9fe,
        type: 3}
      propertyPath: duration
      value: 22
      objectReference: {fileID: 0}
    - target: {fileID: 1396953368926491780, guid: 6cee7cd29e9557740b7045ddd784f9fe,
        type: 3}
      propertyPath: m_Positions.Array.data[0].x
      value: -1
      objectReference: {fileID: 0}
    - target: {fileID: 2721365010143538611, guid: 6cee7cd29e9557740b7045ddd784f9fe,
        type: 3}
      propertyPath: m_SpriteTilingProperty.newSize.x
      value: 4
      objectReference: {fileID: 0}
    - target: {fileID: 2721365010143538611, guid: 6cee7cd29e9557740b7045ddd784f9fe,
        type: 3}
      propertyPath: m_Size.x
      value: 1
      objectReference: {fileID: 0}
    - target: {fileID: 2721365010143538611, guid: 6cee7cd29e9557740b7045ddd784f9fe,
        type: 3}
      propertyPath: m_SpriteTilingProperty.newSize.y
      value: 5
      objectReference: {fileID: 0}
    - target: {fileID: 2721365010143538611, guid: 6cee7cd29e9557740b7045ddd784f9fe,
        type: 3}
      propertyPath: m_Size.y
      value: 1
      objectReference: {fileID: 0}
    - target: {fileID: 761637184867318112, guid: 6cee7cd29e9557740b7045ddd784f9fe,
        type: 3}
      propertyPath: m_Size.y
      value: 5
      objectReference: {fileID: 0}
    m_RemovedComponents: []
  m_SourcePrefab: {fileID: 100100000, guid: 6cee7cd29e9557740b7045ddd784f9fe, type: 3}
