%YAML 1.1
%TAG !u! tag:unity3d.com,2011:
--- !u!1 &843593896755010353
GameObject:
  m_ObjectHideFlags: 0
  m_CorrespondingSourceObject: {fileID: 0}
  m_PrefabInstance: {fileID: 0}
  m_PrefabAsset: {fileID: 0}
  serializedVersion: 6
  m_Component:
  - component: {fileID: 7678317001772957072}
  - component: {fileID: 1185391909656446469}
  m_Layer: 0
  m_Name: New Game Object
  m_TagString: Untagged
  m_Icon: {fileID: 0}
  m_NavMeshLayer: 0
  m_StaticEditorFlags: 0
  m_IsActive: 1
--- !u!4 &7678317001772957072
Transform:
  m_ObjectHideFlags: 0
  m_CorrespondingSourceObject: {fileID: 0}
  m_PrefabInstance: {fileID: 0}
  m_PrefabAsset: {fileID: 0}
  m_GameObject: {fileID: 843593896755010353}
  m_LocalRotation: {x: -0, y: -0, z: -0, w: 1}
  m_LocalPosition: {x: 0, y: 0, z: 0}
  m_LocalScale: {x: 1, y: 1, z: 1}
  m_Children: []
  m_Father: {fileID: 6534892501011017661}
  m_RootOrder: 4
  m_LocalEulerAnglesHint: {x: 0, y: 0, z: 0}
--- !u!120 &1185391909656446469
LineRenderer:
  m_ObjectHideFlags: 0
  m_CorrespondingSourceObject: {fileID: 0}
  m_PrefabInstance: {fileID: 0}
  m_PrefabAsset: {fileID: 0}
  m_GameObject: {fileID: 843593896755010353}
  m_Enabled: 1
  m_CastShadows: 1
  m_ReceiveShadows: 1
  m_DynamicOccludee: 1
  m_MotionVectors: 0
  m_LightProbeUsage: 0
  m_ReflectionProbeUsage: 0
  m_RenderingLayerMask: 1
  m_RendererPriority: 0
  m_Materials:
  - {fileID: 2100000, guid: 2f04f40aa16f3244ab2769c399431166, type: 2}
  m_StaticBatchInfo:
    firstSubMesh: 0
    subMeshCount: 0
  m_StaticBatchRoot: {fileID: 0}
  m_ProbeAnchor: {fileID: 0}
  m_LightProbeVolumeOverride: {fileID: 0}
  m_ScaleInLightmap: 1
  m_PreserveUVs: 0
  m_IgnoreNormalsForChartDetection: 0
  m_ImportantGI: 0
  m_StitchLightmapSeams: 0
  m_SelectedEditorRenderState: 3
  m_MinimumChartSize: 4
  m_AutoUVMaxDistance: 0.5
  m_AutoUVMaxAngle: 89
  m_LightmapParameters: {fileID: 0}
  m_SortingLayerID: 0
  m_SortingLayer: 0
  m_SortingOrder: 0
  m_Positions:
  - {x: -6.75, y: 35.999996, z: 0}
  - {x: -8.75, y: 35.999996, z: 0}
  - {x: -8.75, y: 0, z: 0}
  - {x: -6.75, y: 0, z: 0}
  - {x: -6.75, y: 35.999996, z: 0}
  m_Parameters:
    serializedVersion: 3
    widthMultiplier: 0.25
    widthCurve:
      serializedVersion: 2
      m_Curve:
      - serializedVersion: 3
        time: 0
        value: 1
        inSlope: 0
        outSlope: 0
        tangentMode: 0
        weightedMode: 0
        inWeight: 0.33333334
        outWeight: 0.33333334
      m_PreInfinity: 2
      m_PostInfinity: 2
      m_RotationOrder: 4
    colorGradient:
      serializedVersion: 2
      key0: {r: 1, g: 1, b: 1, a: 1}
      key1: {r: 1, g: 1, b: 1, a: 1}
      key2: {r: 0, g: 0, b: 0, a: 0}
      key3: {r: 0, g: 0, b: 0, a: 0}
      key4: {r: 0, g: 0, b: 0, a: 0}
      key5: {r: 0, g: 0, b: 0, a: 0}
      key6: {r: 0, g: 0, b: 0, a: 0}
      key7: {r: 0, g: 0, b: 0, a: 0}
      ctime0: 0
      ctime1: 65535
      ctime2: 0
      ctime3: 0
      ctime4: 0
      ctime5: 0
      ctime6: 0
      ctime7: 0
      atime0: 0
      atime1: 65535
      atime2: 0
      atime3: 0
      atime4: 0
      atime5: 0
      atime6: 0
      atime7: 0
      m_Mode: 0
      m_NumColorKeys: 2
      m_NumAlphaKeys: 2
    numCornerVertices: 5
    numCapVertices: 0
    alignment: 0
    textureMode: 0
    shadowBias: 0.5
    generateLightingData: 0
  m_UseWorldSpace: 0
  m_Loop: 0
--- !u!1 &2214618746908448227
GameObject:
  m_ObjectHideFlags: 0
  m_CorrespondingSourceObject: {fileID: 0}
  m_PrefabInstance: {fileID: 0}
  m_PrefabAsset: {fileID: 0}
  serializedVersion: 6
  m_Component:
  - component: {fileID: 273093840325940094}
  m_Layer: 0
  m_Name: GameObject
  m_TagString: Untagged
  m_Icon: {fileID: 0}
  m_NavMeshLayer: 0
  m_StaticEditorFlags: 0
  m_IsActive: 1
--- !u!4 &273093840325940094
Transform:
  m_ObjectHideFlags: 0
  m_CorrespondingSourceObject: {fileID: 0}
  m_PrefabInstance: {fileID: 0}
  m_PrefabAsset: {fileID: 0}
  m_GameObject: {fileID: 2214618746908448227}
  m_LocalRotation: {x: 0, y: 0, z: 0, w: 1}
  m_LocalPosition: {x: 0, y: 0, z: 0}
  m_LocalScale: {x: 1, y: 1, z: 1}
  m_Children: []
  m_Father: {fileID: 4532337199986401128}
  m_RootOrder: 0
  m_LocalEulerAnglesHint: {x: 0, y: 0, z: 0}
--- !u!1 &2563863453578719337
GameObject:
  m_ObjectHideFlags: 0
  m_CorrespondingSourceObject: {fileID: 0}
  m_PrefabInstance: {fileID: 0}
  m_PrefabAsset: {fileID: 0}
  serializedVersion: 6
  m_Component:
  - component: {fileID: 8205803884539949184}
  - component: {fileID: 2627214411003865161}
  m_Layer: 0
  m_Name: CoinSpawn (2)
  m_TagString: Untagged
  m_Icon: {fileID: 5721338939258241955, guid: 0000000000000000d000000000000000, type: 0}
  m_NavMeshLayer: 0
  m_StaticEditorFlags: 0
  m_IsActive: 1
--- !u!4 &8205803884539949184
Transform:
  m_ObjectHideFlags: 0
  m_CorrespondingSourceObject: {fileID: 0}
  m_PrefabInstance: {fileID: 0}
  m_PrefabAsset: {fileID: 0}
  m_GameObject: {fileID: 2563863453578719337}
  m_LocalRotation: {x: -0, y: -0, z: -0, w: 1}
  m_LocalPosition: {x: 0, y: 9.25, z: 0}
  m_LocalScale: {x: 1, y: 1, z: 1}
  m_Children: []
  m_Father: {fileID: 3848103952352888077}
  m_RootOrder: 1
  m_LocalEulerAnglesHint: {x: 0, y: 0, z: 0}
--- !u!114 &2627214411003865161
MonoBehaviour:
  m_ObjectHideFlags: 0
  m_CorrespondingSourceObject: {fileID: 0}
  m_PrefabInstance: {fileID: 0}
  m_PrefabAsset: {fileID: 0}
  m_GameObject: {fileID: 2563863453578719337}
  m_Enabled: 1
  m_EditorHideFlags: 0
  m_Script: {fileID: 11500000, guid: 72fa6d55be0c82b459aaf379927f7763, type: 3}
  m_Name: 
  m_EditorClassIdentifier: 
--- !u!1 &2648233242785297029
GameObject:
  m_ObjectHideFlags: 0
  m_CorrespondingSourceObject: {fileID: 0}
  m_PrefabInstance: {fileID: 0}
  m_PrefabAsset: {fileID: 0}
  serializedVersion: 6
  m_Component:
  - component: {fileID: 4606823567513527786}
  m_Layer: 0
  m_Name: GameObject
  m_TagString: Untagged
  m_Icon: {fileID: 0}
  m_NavMeshLayer: 0
  m_StaticEditorFlags: 0
  m_IsActive: 1
--- !u!4 &4606823567513527786
Transform:
  m_ObjectHideFlags: 0
  m_CorrespondingSourceObject: {fileID: 0}
  m_PrefabInstance: {fileID: 0}
  m_PrefabAsset: {fileID: 0}
  m_GameObject: {fileID: 2648233242785297029}
  m_LocalRotation: {x: 0, y: 0, z: 0, w: 1}
  m_LocalPosition: {x: 0, y: 0, z: 0}
  m_LocalScale: {x: 1, y: 1, z: 1}
  m_Children: []
  m_Father: {fileID: 1807916934434078744}
  m_RootOrder: 0
  m_LocalEulerAnglesHint: {x: 0, y: 0, z: 0}
--- !u!1 &4054407513340884058
GameObject:
  m_ObjectHideFlags: 0
  m_CorrespondingSourceObject: {fileID: 0}
  m_PrefabInstance: {fileID: 0}
  m_PrefabAsset: {fileID: 0}
  serializedVersion: 6
  m_Component:
  - component: {fileID: 96697696680206862}
  m_Layer: 0
  m_Name: New Game Object
  m_TagString: Untagged
  m_Icon: {fileID: 0}
  m_NavMeshLayer: 0
  m_StaticEditorFlags: 0
  m_IsActive: 1
--- !u!4 &96697696680206862
Transform:
  m_ObjectHideFlags: 0
  m_CorrespondingSourceObject: {fileID: 0}
  m_PrefabInstance: {fileID: 0}
  m_PrefabAsset: {fileID: 0}
  m_GameObject: {fileID: 4054407513340884058}
  m_LocalRotation: {x: -0, y: -0, z: -0, w: 1}
  m_LocalPosition: {x: 0, y: 0, z: 0}
  m_LocalScale: {x: 1, y: 1, z: 1}
  m_Children: []
  m_Father: {fileID: 6534892501011017661}
  m_RootOrder: 2
  m_LocalEulerAnglesHint: {x: 0, y: 0, z: 0}
--- !u!1 &5421633407636446243
GameObject:
  m_ObjectHideFlags: 0
  m_CorrespondingSourceObject: {fileID: 0}
  m_PrefabInstance: {fileID: 0}
  m_PrefabAsset: {fileID: 0}
  serializedVersion: 6
  m_Component:
  - component: {fileID: 4532337199986401128}
  - component: {fileID: 2375154051794915519}
  - component: {fileID: 2791570234273250550}
  - component: {fileID: 7133203266263161691}
  - component: {fileID: 504714952451627273}
  - component: {fileID: 3354221362585751367}
  - component: {fileID: 4693041672622783733}
  m_Layer: 0
  m_Name: SpriteShapeFromTerrain(Clone)
  m_TagString: Untagged
  m_Icon: {fileID: 0}
  m_NavMeshLayer: 0
  m_StaticEditorFlags: 0
  m_IsActive: 1
--- !u!4 &4532337199986401128
Transform:
  m_ObjectHideFlags: 0
  m_CorrespondingSourceObject: {fileID: 0}
  m_PrefabInstance: {fileID: 0}
  m_PrefabAsset: {fileID: 0}
  m_GameObject: {fileID: 5421633407636446243}
  m_LocalRotation: {x: -0, y: -0, z: -0, w: 1}
  m_LocalPosition: {x: 0, y: 0, z: 0}
  m_LocalScale: {x: 1, y: 1, z: 1}
  m_Children:
  - {fileID: 273093840325940094}
  m_Father: {fileID: 1043039271441947154}
  m_RootOrder: 1
  m_LocalEulerAnglesHint: {x: 0, y: 0, z: 0}
--- !u!114 &2375154051794915519
MonoBehaviour:
  m_ObjectHideFlags: 0
  m_CorrespondingSourceObject: {fileID: 0}
  m_PrefabInstance: {fileID: 0}
  m_PrefabAsset: {fileID: 0}
  m_GameObject: {fileID: 5421633407636446243}
  m_Enabled: 1
  m_EditorHideFlags: 0
  m_Script: {fileID: 11500000, guid: b04164830fd4b32459a659f5cc2bb5ba, type: 3}
  m_Name: 
  m_EditorClassIdentifier: 
  spriteShape: {fileID: 2791570234273250550}
  spriteShapeController: {fileID: 7133203266263161691}
--- !u!1971053207 &2791570234273250550
SpriteShapeRenderer:
  m_ObjectHideFlags: 0
  m_CorrespondingSourceObject: {fileID: 0}
  m_PrefabInstance: {fileID: 0}
  m_PrefabAsset: {fileID: 0}
  m_GameObject: {fileID: 5421633407636446243}
  m_Enabled: 1
  m_CastShadows: 1
  m_ReceiveShadows: 1
  m_DynamicOccludee: 0
  m_MotionVectors: 1
  m_LightProbeUsage: 1
  m_ReflectionProbeUsage: 1
  m_RenderingLayerMask: 1
  m_RendererPriority: 0
  m_Materials:
  - {fileID: 10754, guid: 0000000000000000f000000000000000, type: 0}
  m_StaticBatchInfo:
    firstSubMesh: 0
    subMeshCount: 0
  m_StaticBatchRoot: {fileID: 0}
  m_ProbeAnchor: {fileID: 0}
  m_LightProbeVolumeOverride: {fileID: 0}
  m_ScaleInLightmap: 1
  m_PreserveUVs: 0
  m_IgnoreNormalsForChartDetection: 0
  m_ImportantGI: 0
  m_StitchLightmapSeams: 0
  m_SelectedEditorRenderState: 0
  m_MinimumChartSize: 4
  m_AutoUVMaxDistance: 0.5
  m_AutoUVMaxAngle: 89
  m_LightmapParameters: {fileID: 0}
  m_SortingLayerID: 0
  m_SortingLayer: 0
  m_SortingOrder: 0
  m_Color: {r: 1, g: 1, b: 1, a: 1}
  m_MaskInteraction: 0
  m_ShapeTexture: {fileID: 2800000, guid: 821b20a69e1cce4408fb66926492c20f, type: 3}
  m_Sprites:
  - {fileID: 21300022, guid: 32f5350ae16ffb241afda19dc483918f, type: 3}
  - {fileID: 21300010, guid: 32f5350ae16ffb241afda19dc483918f, type: 3}
  - {fileID: 21300002, guid: 32f5350ae16ffb241afda19dc483918f, type: 3}
  - {fileID: 21300014, guid: 32f5350ae16ffb241afda19dc483918f, type: 3}
  - {fileID: 21300000, guid: 32f5350ae16ffb241afda19dc483918f, type: 3}
  - {fileID: 21300004, guid: 32f5350ae16ffb241afda19dc483918f, type: 3}
  - {fileID: 21300012, guid: 32f5350ae16ffb241afda19dc483918f, type: 3}
  - {fileID: 21300016, guid: 32f5350ae16ffb241afda19dc483918f, type: 3}
  - {fileID: 21300020, guid: 32f5350ae16ffb241afda19dc483918f, type: 3}
  - {fileID: 21300018, guid: 32f5350ae16ffb241afda19dc483918f, type: 3}
  - {fileID: 21300008, guid: 32f5350ae16ffb241afda19dc483918f, type: 3}
  - {fileID: 21300006, guid: 32f5350ae16ffb241afda19dc483918f, type: 3}
  m_LocalAABB:
    m_Center: {x: 7.7499995, y: 17.999998, z: -0.002}
    m_Extent: {x: 1.3200011, y: 18.319998, z: 0.002}
--- !u!114 &7133203266263161691
MonoBehaviour:
  m_ObjectHideFlags: 0
  m_CorrespondingSourceObject: {fileID: 0}
  m_PrefabInstance: {fileID: 0}
  m_PrefabAsset: {fileID: 0}
  m_GameObject: {fileID: 5421633407636446243}
  m_Enabled: 1
  m_EditorHideFlags: 0
  m_Script: {fileID: 11500000, guid: 90539df1cd5704abcb25fec9f3f5f84b, type: 3}
  m_Name: 
  m_EditorClassIdentifier: 
  m_Spline:
    m_IsOpenEnded: 0
    m_ControlPoints:
    - position: {x: 8.75, y: 0, z: 0}
      leftTangent: {x: 0, y: 0, z: 0}
      rightTangent: {x: 0, y: 0, z: 0}
      mode: 0
      height: 1
      bevelCutoff: 0
      bevelSize: 0
      spriteIndex: 0
      corner: 1
    - position: {x: 6.75, y: 0, z: 0}
      leftTangent: {x: 0, y: 0, z: 0}
      rightTangent: {x: 0, y: 0, z: 0}
      mode: 0
      height: 1
      bevelCutoff: 0
      bevelSize: 0
      spriteIndex: 0
      corner: 1
    - position: {x: 6.75, y: 35.999996, z: 0}
      leftTangent: {x: 0, y: 0, z: 0}
      rightTangent: {x: 0, y: 0, z: 0}
      mode: 0
      height: 1
      bevelCutoff: 0
      bevelSize: 0
      spriteIndex: 0
      corner: 1
    - position: {x: 8.75, y: 35.999996, z: 0}
      leftTangent: {x: 0, y: 0, z: 0}
      rightTangent: {x: 0, y: 0, z: 0}
      mode: 0
      height: 1
      bevelCutoff: 0
      bevelSize: 0
      spriteIndex: 0
      corner: 1
  m_SpriteShape: {fileID: 11400000, guid: 5aac4c21acb99b549889d8eb49831471, type: 2}
  m_SplineDetail: 4
  m_AdaptiveUV: 1
  m_UpdateCollider: 1
  m_ColliderDetail: 4
  m_ColliderOffset: 0
  m_ColliderCornerType: 0
--- !u!114 &504714952451627273
MonoBehaviour:
  m_ObjectHideFlags: 0
  m_CorrespondingSourceObject: {fileID: 0}
  m_PrefabInstance: {fileID: 0}
  m_PrefabAsset: {fileID: 0}
  m_GameObject: {fileID: 5421633407636446243}
  m_Enabled: 1
  m_EditorHideFlags: 0
  m_Script: {fileID: 11500000, guid: 177389af927b442458cfb0c04be1bf01, type: 3}
  m_Name: 
  m_EditorClassIdentifier: 
  key: SpriteShapeTerrain
  isPooled: 0
--- !u!114 &3354221362585751367
MonoBehaviour:
  m_ObjectHideFlags: 0
  m_CorrespondingSourceObject: {fileID: 0}
  m_PrefabInstance: {fileID: 0}
  m_PrefabAsset: {fileID: 0}
  m_GameObject: {fileID: 5421633407636446243}
  m_Enabled: 1
  m_EditorHideFlags: 0
  m_Script: {fileID: 11500000, guid: 6de6ad778ff67df429ee5b471e8eacca, type: 3}
  m_Name: 
  m_EditorClassIdentifier: 
  style: 2
--- !u!114 &4693041672622783733
MonoBehaviour:
  m_ObjectHideFlags: 0
  m_CorrespondingSourceObject: {fileID: 0}
  m_PrefabInstance: {fileID: 0}
  m_PrefabAsset: {fileID: 0}
  m_GameObject: {fileID: 5421633407636446243}
  m_Enabled: 1
  m_EditorHideFlags: 0
  m_Script: {fileID: 11500000, guid: 58f389db044184a439075c6da3136d68, type: 3}
  m_Name: 
  m_EditorClassIdentifier: 
  onBackground:
    m_PersistentCalls:
      m_Calls: []
    m_TypeName: UnityEventMaterial, Assembly-CSharp, Version=1.0.0.0, Culture=neutral,
      PublicKeyToken=null
  onBackGodray:
    m_PersistentCalls:
      m_Calls: []
    m_TypeName: UnityEventMaterial, Assembly-CSharp, Version=1.0.0.0, Culture=neutral,
      PublicKeyToken=null
  onFrontalGodray:
    m_PersistentCalls:
      m_Calls: []
    m_TypeName: UnityEventMaterial, Assembly-CSharp, Version=1.0.0.0, Culture=neutral,
      PublicKeyToken=null
  onSpriteShape:
    m_PersistentCalls:
      m_Calls:
      - m_Target: {fileID: 7133203266263161691}
        m_MethodName: set_spriteShape
        m_Mode: 0
        m_Arguments:
          m_ObjectArgument: {fileID: 0}
          m_ObjectArgumentAssemblyTypeName: UnityEngine.Object, UnityEngine
          m_IntArgument: 0
          m_FloatArgument: 0
          m_StringArgument: 
          m_BoolArgument: 0
        m_CallState: 2
    m_TypeName: UnityEventSpriteShape, Assembly-CSharp, Version=1.0.0.0, Culture=neutral,
      PublicKeyToken=null
--- !u!1 &5840260425831336413
GameObject:
  m_ObjectHideFlags: 0
  m_CorrespondingSourceObject: {fileID: 0}
  m_PrefabInstance: {fileID: 0}
  m_PrefabAsset: {fileID: 0}
  serializedVersion: 6
  m_Component:
  - component: {fileID: 4857853385276683071}
  m_Layer: 0
  m_Name: New Game Object
  m_TagString: Untagged
  m_Icon: {fileID: 0}
  m_NavMeshLayer: 0
  m_StaticEditorFlags: 0
  m_IsActive: 1
--- !u!4 &4857853385276683071
Transform:
  m_ObjectHideFlags: 0
  m_CorrespondingSourceObject: {fileID: 0}
  m_PrefabInstance: {fileID: 0}
  m_PrefabAsset: {fileID: 0}
  m_GameObject: {fileID: 5840260425831336413}
  m_LocalRotation: {x: -0, y: -0, z: -0, w: 1}
  m_LocalPosition: {x: 0, y: 0, z: 0}
  m_LocalScale: {x: 1, y: 1, z: 1}
  m_Children: []
  m_Father: {fileID: 6534892501011017661}
  m_RootOrder: 3
  m_LocalEulerAnglesHint: {x: 0, y: 0, z: 0}
--- !u!1 &5964578618091400979
GameObject:
  m_ObjectHideFlags: 0
  m_CorrespondingSourceObject: {fileID: 0}
  m_PrefabInstance: {fileID: 0}
  m_PrefabAsset: {fileID: 0}
  serializedVersion: 6
  m_Component:
  - component: {fileID: 5521072767214009366}
  - component: {fileID: 7925700288037127728}
  m_Layer: 0
  m_Name: New Game Object
  m_TagString: Untagged
  m_Icon: {fileID: 0}
  m_NavMeshLayer: 0
  m_StaticEditorFlags: 0
  m_IsActive: 1
--- !u!4 &5521072767214009366
Transform:
  m_ObjectHideFlags: 0
  m_CorrespondingSourceObject: {fileID: 0}
  m_PrefabInstance: {fileID: 0}
  m_PrefabAsset: {fileID: 0}
  m_GameObject: {fileID: 5964578618091400979}
  m_LocalRotation: {x: -0, y: -0, z: -0, w: 1}
  m_LocalPosition: {x: 0, y: 0, z: 0}
  m_LocalScale: {x: 1, y: 1, z: 1}
  m_Children: []
  m_Father: {fileID: 6534892501011017661}
  m_RootOrder: 5
  m_LocalEulerAnglesHint: {x: 0, y: 0, z: 0}
--- !u!120 &7925700288037127728
LineRenderer:
  m_ObjectHideFlags: 0
  m_CorrespondingSourceObject: {fileID: 0}
  m_PrefabInstance: {fileID: 0}
  m_PrefabAsset: {fileID: 0}
  m_GameObject: {fileID: 5964578618091400979}
  m_Enabled: 1
  m_CastShadows: 1
  m_ReceiveShadows: 1
  m_DynamicOccludee: 1
  m_MotionVectors: 0
  m_LightProbeUsage: 0
  m_ReflectionProbeUsage: 0
  m_RenderingLayerMask: 1
  m_RendererPriority: 0
  m_Materials:
  - {fileID: 2100000, guid: 2f04f40aa16f3244ab2769c399431166, type: 2}
  m_StaticBatchInfo:
    firstSubMesh: 0
    subMeshCount: 0
  m_StaticBatchRoot: {fileID: 0}
  m_ProbeAnchor: {fileID: 0}
  m_LightProbeVolumeOverride: {fileID: 0}
  m_ScaleInLightmap: 1
  m_PreserveUVs: 0
  m_IgnoreNormalsForChartDetection: 0
  m_ImportantGI: 0
  m_StitchLightmapSeams: 0
  m_SelectedEditorRenderState: 3
  m_MinimumChartSize: 4
  m_AutoUVMaxDistance: 0.5
  m_AutoUVMaxAngle: 89
  m_LightmapParameters: {fileID: 0}
  m_SortingLayerID: 0
  m_SortingLayer: 0
  m_SortingOrder: 0
  m_Positions:
  - {x: 8.75, y: 35.999996, z: 0}
  - {x: 6.75, y: 35.999996, z: 0}
  - {x: 6.75, y: 0, z: 0}
  - {x: 8.75, y: 0, z: 0}
  - {x: 8.75, y: 35.999996, z: 0}
  m_Parameters:
    serializedVersion: 3
    widthMultiplier: 0.25
    widthCurve:
      serializedVersion: 2
      m_Curve:
      - serializedVersion: 3
        time: 0
        value: 1
        inSlope: 0
        outSlope: 0
        tangentMode: 0
        weightedMode: 0
        inWeight: 0.33333334
        outWeight: 0.33333334
      m_PreInfinity: 2
      m_PostInfinity: 2
      m_RotationOrder: 4
    colorGradient:
      serializedVersion: 2
      key0: {r: 1, g: 1, b: 1, a: 1}
      key1: {r: 1, g: 1, b: 1, a: 1}
      key2: {r: 0, g: 0, b: 0, a: 0}
      key3: {r: 0, g: 0, b: 0, a: 0}
      key4: {r: 0, g: 0, b: 0, a: 0}
      key5: {r: 0, g: 0, b: 0, a: 0}
      key6: {r: 0, g: 0, b: 0, a: 0}
      key7: {r: 0, g: 0, b: 0, a: 0}
      ctime0: 0
      ctime1: 65535
      ctime2: 0
      ctime3: 0
      ctime4: 0
      ctime5: 0
      ctime6: 0
      ctime7: 0
      atime0: 0
      atime1: 65535
      atime2: 0
      atime3: 0
      atime4: 0
      atime5: 0
      atime6: 0
      atime7: 0
      m_Mode: 0
      m_NumColorKeys: 2
      m_NumAlphaKeys: 2
    numCornerVertices: 5
    numCapVertices: 0
    alignment: 0
    textureMode: 0
    shadowBias: 0.5
    generateLightingData: 0
  m_UseWorldSpace: 0
  m_Loop: 0
--- !u!1 &6607376083600880028
GameObject:
  m_ObjectHideFlags: 0
  m_CorrespondingSourceObject: {fileID: 0}
  m_PrefabInstance: {fileID: 0}
  m_PrefabAsset: {fileID: 0}
  serializedVersion: 6
  m_Component:
  - component: {fileID: 1807916934434078744}
  - component: {fileID: 5714579006013208304}
  - component: {fileID: 1149130525180904057}
  - component: {fileID: 7790928222979813749}
  - component: {fileID: 5399579775673065116}
  - component: {fileID: 4222762572970055504}
  - component: {fileID: 8044787165488739483}
  m_Layer: 0
  m_Name: SpriteShapeFromTerrain(Clone)
  m_TagString: Untagged
  m_Icon: {fileID: 0}
  m_NavMeshLayer: 0
  m_StaticEditorFlags: 0
  m_IsActive: 1
--- !u!4 &1807916934434078744
Transform:
  m_ObjectHideFlags: 0
  m_CorrespondingSourceObject: {fileID: 0}
  m_PrefabInstance: {fileID: 0}
  m_PrefabAsset: {fileID: 0}
  m_GameObject: {fileID: 6607376083600880028}
  m_LocalRotation: {x: -0, y: -0, z: -0, w: 1}
  m_LocalPosition: {x: 0, y: 0, z: 0}
  m_LocalScale: {x: 1, y: 1, z: 1}
  m_Children:
  - {fileID: 4606823567513527786}
  m_Father: {fileID: 1043039271441947154}
  m_RootOrder: 0
  m_LocalEulerAnglesHint: {x: 0, y: 0, z: 0}
--- !u!114 &5714579006013208304
MonoBehaviour:
  m_ObjectHideFlags: 0
  m_CorrespondingSourceObject: {fileID: 0}
  m_PrefabInstance: {fileID: 0}
  m_PrefabAsset: {fileID: 0}
  m_GameObject: {fileID: 6607376083600880028}
  m_Enabled: 1
  m_EditorHideFlags: 0
  m_Script: {fileID: 11500000, guid: b04164830fd4b32459a659f5cc2bb5ba, type: 3}
  m_Name: 
  m_EditorClassIdentifier: 
  spriteShape: {fileID: 1149130525180904057}
  spriteShapeController: {fileID: 7790928222979813749}
--- !u!1971053207 &1149130525180904057
SpriteShapeRenderer:
  m_ObjectHideFlags: 0
  m_CorrespondingSourceObject: {fileID: 0}
  m_PrefabInstance: {fileID: 0}
  m_PrefabAsset: {fileID: 0}
  m_GameObject: {fileID: 6607376083600880028}
  m_Enabled: 1
  m_CastShadows: 1
  m_ReceiveShadows: 1
  m_DynamicOccludee: 0
  m_MotionVectors: 1
  m_LightProbeUsage: 1
  m_ReflectionProbeUsage: 1
  m_RenderingLayerMask: 1
  m_RendererPriority: 0
  m_Materials:
  - {fileID: 10754, guid: 0000000000000000f000000000000000, type: 0}
  m_StaticBatchInfo:
    firstSubMesh: 0
    subMeshCount: 0
  m_StaticBatchRoot: {fileID: 0}
  m_ProbeAnchor: {fileID: 0}
  m_LightProbeVolumeOverride: {fileID: 0}
  m_ScaleInLightmap: 1
  m_PreserveUVs: 0
  m_IgnoreNormalsForChartDetection: 0
  m_ImportantGI: 0
  m_StitchLightmapSeams: 0
  m_SelectedEditorRenderState: 0
  m_MinimumChartSize: 4
  m_AutoUVMaxDistance: 0.5
  m_AutoUVMaxAngle: 89
  m_LightmapParameters: {fileID: 0}
  m_SortingLayerID: 0
  m_SortingLayer: 0
  m_SortingOrder: 0
  m_Color: {r: 1, g: 1, b: 1, a: 1}
  m_MaskInteraction: 0
  m_ShapeTexture: {fileID: 2800000, guid: 821b20a69e1cce4408fb66926492c20f, type: 3}
  m_Sprites:
  - {fileID: 21300022, guid: 32f5350ae16ffb241afda19dc483918f, type: 3}
  - {fileID: 21300010, guid: 32f5350ae16ffb241afda19dc483918f, type: 3}
  - {fileID: 21300002, guid: 32f5350ae16ffb241afda19dc483918f, type: 3}
  - {fileID: 21300014, guid: 32f5350ae16ffb241afda19dc483918f, type: 3}
  - {fileID: 21300000, guid: 32f5350ae16ffb241afda19dc483918f, type: 3}
  - {fileID: 21300004, guid: 32f5350ae16ffb241afda19dc483918f, type: 3}
  - {fileID: 21300012, guid: 32f5350ae16ffb241afda19dc483918f, type: 3}
  - {fileID: 21300016, guid: 32f5350ae16ffb241afda19dc483918f, type: 3}
  - {fileID: 21300020, guid: 32f5350ae16ffb241afda19dc483918f, type: 3}
  - {fileID: 21300018, guid: 32f5350ae16ffb241afda19dc483918f, type: 3}
  - {fileID: 21300008, guid: 32f5350ae16ffb241afda19dc483918f, type: 3}
  - {fileID: 21300006, guid: 32f5350ae16ffb241afda19dc483918f, type: 3}
  m_LocalAABB:
    m_Center: {x: -7.7499995, y: 17.999998, z: -0.002}
    m_Extent: {x: 1.3200011, y: 18.319998, z: 0.002}
--- !u!114 &7790928222979813749
MonoBehaviour:
  m_ObjectHideFlags: 0
  m_CorrespondingSourceObject: {fileID: 0}
  m_PrefabInstance: {fileID: 0}
  m_PrefabAsset: {fileID: 0}
  m_GameObject: {fileID: 6607376083600880028}
  m_Enabled: 1
  m_EditorHideFlags: 0
  m_Script: {fileID: 11500000, guid: 90539df1cd5704abcb25fec9f3f5f84b, type: 3}
  m_Name: 
  m_EditorClassIdentifier: 
  m_Spline:
    m_IsOpenEnded: 0
    m_ControlPoints:
    - position: {x: -6.75, y: 0, z: 0}
      leftTangent: {x: 0, y: 0, z: 0}
      rightTangent: {x: 0, y: 0, z: 0}
      mode: 0
      height: 1
      bevelCutoff: 0
      bevelSize: 0
      spriteIndex: 0
      corner: 1
    - position: {x: -8.75, y: 0, z: 0}
      leftTangent: {x: 0, y: 0, z: 0}
      rightTangent: {x: 0, y: 0, z: 0}
      mode: 0
      height: 1
      bevelCutoff: 0
      bevelSize: 0
      spriteIndex: 0
      corner: 1
    - position: {x: -8.75, y: 35.999996, z: 0}
      leftTangent: {x: 0, y: 0, z: 0}
      rightTangent: {x: 0, y: 0, z: 0}
      mode: 0
      height: 1
      bevelCutoff: 0
      bevelSize: 0
      spriteIndex: 0
      corner: 1
    - position: {x: -6.75, y: 35.999996, z: 0}
      leftTangent: {x: 0, y: 0, z: 0}
      rightTangent: {x: 0, y: 0, z: 0}
      mode: 0
      height: 1
      bevelCutoff: 0
      bevelSize: 0
      spriteIndex: 0
      corner: 1
  m_SpriteShape: {fileID: 11400000, guid: 5aac4c21acb99b549889d8eb49831471, type: 2}
  m_SplineDetail: 4
  m_AdaptiveUV: 1
  m_UpdateCollider: 1
  m_ColliderDetail: 4
  m_ColliderOffset: 0
  m_ColliderCornerType: 0
--- !u!114 &5399579775673065116
MonoBehaviour:
  m_ObjectHideFlags: 0
  m_CorrespondingSourceObject: {fileID: 0}
  m_PrefabInstance: {fileID: 0}
  m_PrefabAsset: {fileID: 0}
  m_GameObject: {fileID: 6607376083600880028}
  m_Enabled: 1
  m_EditorHideFlags: 0
  m_Script: {fileID: 11500000, guid: 177389af927b442458cfb0c04be1bf01, type: 3}
  m_Name: 
  m_EditorClassIdentifier: 
  key: SpriteShapeTerrain
  isPooled: 0
--- !u!114 &4222762572970055504
MonoBehaviour:
  m_ObjectHideFlags: 0
  m_CorrespondingSourceObject: {fileID: 0}
  m_PrefabInstance: {fileID: 0}
  m_PrefabAsset: {fileID: 0}
  m_GameObject: {fileID: 6607376083600880028}
  m_Enabled: 1
  m_EditorHideFlags: 0
  m_Script: {fileID: 11500000, guid: 6de6ad778ff67df429ee5b471e8eacca, type: 3}
  m_Name: 
  m_EditorClassIdentifier: 
  style: 2
--- !u!114 &8044787165488739483
MonoBehaviour:
  m_ObjectHideFlags: 0
  m_CorrespondingSourceObject: {fileID: 0}
  m_PrefabInstance: {fileID: 0}
  m_PrefabAsset: {fileID: 0}
  m_GameObject: {fileID: 6607376083600880028}
  m_Enabled: 1
  m_EditorHideFlags: 0
  m_Script: {fileID: 11500000, guid: 58f389db044184a439075c6da3136d68, type: 3}
  m_Name: 
  m_EditorClassIdentifier: 
  onBackground:
    m_PersistentCalls:
      m_Calls: []
    m_TypeName: UnityEventMaterial, Assembly-CSharp, Version=1.0.0.0, Culture=neutral,
      PublicKeyToken=null
  onBackGodray:
    m_PersistentCalls:
      m_Calls: []
    m_TypeName: UnityEventMaterial, Assembly-CSharp, Version=1.0.0.0, Culture=neutral,
      PublicKeyToken=null
  onFrontalGodray:
    m_PersistentCalls:
      m_Calls: []
    m_TypeName: UnityEventMaterial, Assembly-CSharp, Version=1.0.0.0, Culture=neutral,
      PublicKeyToken=null
  onSpriteShape:
    m_PersistentCalls:
      m_Calls:
      - m_Target: {fileID: 7790928222979813749}
        m_MethodName: set_spriteShape
        m_Mode: 0
        m_Arguments:
          m_ObjectArgument: {fileID: 0}
          m_ObjectArgumentAssemblyTypeName: UnityEngine.Object, UnityEngine
          m_IntArgument: 0
          m_FloatArgument: 0
          m_StringArgument: 
          m_BoolArgument: 0
        m_CallState: 2
    m_TypeName: UnityEventSpriteShape, Assembly-CSharp, Version=1.0.0.0, Culture=neutral,
      PublicKeyToken=null
--- !u!1 &8916522727455031238
GameObject:
  m_ObjectHideFlags: 0
  m_CorrespondingSourceObject: {fileID: 0}
  m_PrefabInstance: {fileID: 0}
  m_PrefabAsset: {fileID: 0}
  serializedVersion: 6
  m_Component:
  - component: {fileID: 92070065008509134}
  - component: {fileID: 7655646274147142263}
  m_Layer: 0
  m_Name: CoinSpawn (1)
  m_TagString: Untagged
  m_Icon: {fileID: 5721338939258241955, guid: 0000000000000000d000000000000000, type: 0}
  m_NavMeshLayer: 0
  m_StaticEditorFlags: 0
  m_IsActive: 1
--- !u!4 &92070065008509134
Transform:
  m_ObjectHideFlags: 0
  m_CorrespondingSourceObject: {fileID: 0}
  m_PrefabInstance: {fileID: 0}
  m_PrefabAsset: {fileID: 0}
  m_GameObject: {fileID: 8916522727455031238}
  m_LocalRotation: {x: -0, y: -0, z: -0, w: 1}
  m_LocalPosition: {x: 0, y: 15.5, z: 0}
  m_LocalScale: {x: 1, y: 1, z: 1}
  m_Children: []
  m_Father: {fileID: 3848103952352888077}
  m_RootOrder: 2
  m_LocalEulerAnglesHint: {x: 0, y: 0, z: 0}
--- !u!114 &7655646274147142263
MonoBehaviour:
  m_ObjectHideFlags: 0
  m_CorrespondingSourceObject: {fileID: 0}
  m_PrefabInstance: {fileID: 0}
  m_PrefabAsset: {fileID: 0}
  m_GameObject: {fileID: 8916522727455031238}
  m_Enabled: 1
  m_EditorHideFlags: 0
  m_Script: {fileID: 11500000, guid: 72fa6d55be0c82b459aaf379927f7763, type: 3}
  m_Name: 
  m_EditorClassIdentifier: 
--- !u!1 &9168447177573903911
GameObject:
  m_ObjectHideFlags: 0
  m_CorrespondingSourceObject: {fileID: 0}
  m_PrefabInstance: {fileID: 0}
  m_PrefabAsset: {fileID: 0}
  serializedVersion: 6
  m_Component:
  - component: {fileID: 179232698827398561}
  m_Layer: 0
  m_Name: New Game Object
  m_TagString: Untagged
  m_Icon: {fileID: 0}
  m_NavMeshLayer: 0
  m_StaticEditorFlags: 0
  m_IsActive: 1
--- !u!4 &179232698827398561
Transform:
  m_ObjectHideFlags: 0
  m_CorrespondingSourceObject: {fileID: 0}
  m_PrefabInstance: {fileID: 0}
  m_PrefabAsset: {fileID: 0}
  m_GameObject: {fileID: 9168447177573903911}
  m_LocalRotation: {x: -0, y: -0, z: -0, w: 1}
  m_LocalPosition: {x: 0, y: 0, z: 0}
  m_LocalScale: {x: 1, y: 1, z: 1}
  m_Children: []
  m_Father: {fileID: 6534892501011017661}
  m_RootOrder: 1
  m_LocalEulerAnglesHint: {x: 0, y: 0, z: 0}
--- !u!1001 &779090531178036039
PrefabInstance:
  m_ObjectHideFlags: 0
  serializedVersion: 2
  m_Modification:
    m_TransformParent: {fileID: 7741759407481943346}
    m_Modifications:
    - target: {fileID: 8909895302636249009, guid: dae74c273552586408340ff41550c5ef,
        type: 3}
      propertyPath: m_Name
      value: Platform_Swap (2)
      objectReference: {fileID: 0}
    - target: {fileID: 2760926529371166620, guid: dae74c273552586408340ff41550c5ef,
        type: 3}
      propertyPath: m_LocalPosition.x
      value: 0
      objectReference: {fileID: 0}
    - target: {fileID: 2760926529371166620, guid: dae74c273552586408340ff41550c5ef,
        type: 3}
      propertyPath: m_LocalPosition.y
      value: 30.04
      objectReference: {fileID: 0}
    - target: {fileID: 2760926529371166620, guid: dae74c273552586408340ff41550c5ef,
        type: 3}
      propertyPath: m_LocalPosition.z
      value: 0
      objectReference: {fileID: 0}
    - target: {fileID: 2760926529371166620, guid: dae74c273552586408340ff41550c5ef,
        type: 3}
      propertyPath: m_LocalRotation.x
      value: -0
      objectReference: {fileID: 0}
    - target: {fileID: 2760926529371166620, guid: dae74c273552586408340ff41550c5ef,
        type: 3}
      propertyPath: m_LocalRotation.y
      value: -0
      objectReference: {fileID: 0}
    - target: {fileID: 2760926529371166620, guid: dae74c273552586408340ff41550c5ef,
        type: 3}
      propertyPath: m_LocalRotation.z
      value: -0
      objectReference: {fileID: 0}
    - target: {fileID: 2760926529371166620, guid: dae74c273552586408340ff41550c5ef,
        type: 3}
      propertyPath: m_LocalRotation.w
      value: 1
      objectReference: {fileID: 0}
    - target: {fileID: 2760926529371166620, guid: dae74c273552586408340ff41550c5ef,
        type: 3}
      propertyPath: m_RootOrder
      value: 5
      objectReference: {fileID: 0}
    - target: {fileID: 2760926529371166620, guid: dae74c273552586408340ff41550c5ef,
        type: 3}
      propertyPath: m_LocalEulerAnglesHint.x
      value: 0
      objectReference: {fileID: 0}
    - target: {fileID: 2760926529371166620, guid: dae74c273552586408340ff41550c5ef,
        type: 3}
      propertyPath: m_LocalEulerAnglesHint.y
      value: 0
      objectReference: {fileID: 0}
    - target: {fileID: 2760926529371166620, guid: dae74c273552586408340ff41550c5ef,
        type: 3}
      propertyPath: m_LocalEulerAnglesHint.z
      value: 0
      objectReference: {fileID: 0}
    - target: {fileID: 2577019322299520540, guid: dae74c273552586408340ff41550c5ef,
        type: 3}
      propertyPath: m_Size.x
      value: 6.5
      objectReference: {fileID: 0}
    - target: {fileID: 907108769095074511, guid: dae74c273552586408340ff41550c5ef,
        type: 3}
      propertyPath: m_SpriteTilingProperty.newSize.x
      value: 6.5
      objectReference: {fileID: 0}
    m_RemovedComponents: []
  m_SourcePrefab: {fileID: 100100000, guid: dae74c273552586408340ff41550c5ef, type: 3}
--- !u!1001 &1065236162385195347
PrefabInstance:
  m_ObjectHideFlags: 0
  serializedVersion: 2
  m_Modification:
    m_TransformParent: {fileID: 0}
    m_Modifications:
    - target: {fileID: 5283026989369964200, guid: 2da8bd84b59ae214a9a27648cfbd8fd9,
        type: 3}
      propertyPath: m_Name
      value: Module_D1_N63__Platform_SwapPlatform
      objectReference: {fileID: 0}
    - target: {fileID: 257313602812733186, guid: 2da8bd84b59ae214a9a27648cfbd8fd9,
        type: 3}
      propertyPath: tags.Array.size
      value: 2
      objectReference: {fileID: 0}
    - target: {fileID: 257313602812733186, guid: 2da8bd84b59ae214a9a27648cfbd8fd9,
        type: 3}
      propertyPath: tags.Array.data[1]
      value: 
      objectReference: {fileID: 11400000, guid: 796cde9780acf274dbb923064a30257d,
        type: 2}
    - target: {fileID: 257313602812733186, guid: 2da8bd84b59ae214a9a27648cfbd8fd9,
        type: 3}
      propertyPath: tags.Array.data[2]
      value: 
      objectReference: {fileID: 11400000, guid: e6c12d85c03a92d468283d6a95565c50,
        type: 2}
    - target: {fileID: 257313602812733186, guid: 2da8bd84b59ae214a9a27648cfbd8fd9,
        type: 3}
      propertyPath: tags.Array.data[3]
      value: 
      objectReference: {fileID: 11400000, guid: a6e0fd6b23d81d44b890de8ebedc8f8d,
        type: 2}
    - target: {fileID: 257313602812733186, guid: 2da8bd84b59ae214a9a27648cfbd8fd9,
        type: 3}
      propertyPath: tags.Array.data[4]
      value: 
      objectReference: {fileID: 11400000, guid: 040e450ad610b5845ba683a0fa56b7f2,
        type: 2}
    - target: {fileID: 1988994009404027310, guid: 2da8bd84b59ae214a9a27648cfbd8fd9,
        type: 3}
      propertyPath: coinSpawnPoints.Array.size
      value: 3
      objectReference: {fileID: 0}
    - target: {fileID: 1988994009404027310, guid: 2da8bd84b59ae214a9a27648cfbd8fd9,
        type: 3}
      propertyPath: checkpointsPoints.Array.size
      value: 1
      objectReference: {fileID: 0}
    - target: {fileID: 1988994009404027310, guid: 2da8bd84b59ae214a9a27648cfbd8fd9,
        type: 3}
      propertyPath: coinSpawnPoints.Array.data[1]
      value: 
      objectReference: {fileID: 8205803884539949184}
    - target: {fileID: 1988994009404027310, guid: 2da8bd84b59ae214a9a27648cfbd8fd9,
        type: 3}
      propertyPath: coinSpawnPoints.Array.data[2]
      value: 
      objectReference: {fileID: 92070065008509134}
    - target: {fileID: 1988994009404027310, guid: 2da8bd84b59ae214a9a27648cfbd8fd9,
        type: 3}
      propertyPath: moduleHeight
      value: 35.999996
      objectReference: {fileID: 0}
    - target: {fileID: 1988994009404027310, guid: 2da8bd84b59ae214a9a27648cfbd8fd9,
        type: 3}
      propertyPath: checkpointsPoints.Array.data[1]
      value: 
      objectReference: {fileID: 0}
    - target: {fileID: 1988994009404027310, guid: 2da8bd84b59ae214a9a27648cfbd8fd9,
        type: 3}
      propertyPath: checkpointsPoints.Array.data[2]
      value: 
      objectReference: {fileID: 0}
    - target: {fileID: 1988994009404027310, guid: 2da8bd84b59ae214a9a27648cfbd8fd9,
        type: 3}
      propertyPath: checkpointsPoints.Array.data[3]
      value: 
      objectReference: {fileID: 0}
    - target: {fileID: 1988994009404027310, guid: 2da8bd84b59ae214a9a27648cfbd8fd9,
        type: 3}
      propertyPath: checkpointsPoints.Array.data[4]
      value: 
      objectReference: {fileID: 0}
    - target: {fileID: 1988994009404027310, guid: 2da8bd84b59ae214a9a27648cfbd8fd9,
        type: 3}
      propertyPath: checkpointsPoints.Array.data[5]
      value: 
      objectReference: {fileID: 0}
    - target: {fileID: 1988994009404027310, guid: 2da8bd84b59ae214a9a27648cfbd8fd9,
        type: 3}
      propertyPath: difficulty
      value: 2
      objectReference: {fileID: 0}
    - target: {fileID: 1988994009404027310, guid: 2da8bd84b59ae214a9a27648cfbd8fd9,
        type: 3}
      propertyPath: coinSpawnPoints.Array.data[3]
      value: 
      objectReference: {fileID: 0}
    - target: {fileID: 1988994009404027310, guid: 2da8bd84b59ae214a9a27648cfbd8fd9,
        type: 3}
      propertyPath: coinSpawnPoints.Array.data[4]
      value: 
      objectReference: {fileID: 0}
    - target: {fileID: 1988994009404027310, guid: 2da8bd84b59ae214a9a27648cfbd8fd9,
        type: 3}
      propertyPath: coinSpawnPoints.Array.data[5]
      value: 
      objectReference: {fileID: 0}
    - target: {fileID: 1988994009404027310, guid: 2da8bd84b59ae214a9a27648cfbd8fd9,
        type: 3}
      propertyPath: blockedByCoins
      value: 1
      objectReference: {fileID: 0}
    - target: {fileID: 6133407557284447420, guid: 2da8bd84b59ae214a9a27648cfbd8fd9,
        type: 3}
      propertyPath: m_LocalPosition.x
      value: 0
      objectReference: {fileID: 0}
    - target: {fileID: 6133407557284447420, guid: 2da8bd84b59ae214a9a27648cfbd8fd9,
        type: 3}
      propertyPath: m_LocalPosition.y
      value: 0
      objectReference: {fileID: 0}
    - target: {fileID: 6133407557284447420, guid: 2da8bd84b59ae214a9a27648cfbd8fd9,
        type: 3}
      propertyPath: m_LocalPosition.z
      value: 0
      objectReference: {fileID: 0}
    - target: {fileID: 6133407557284447420, guid: 2da8bd84b59ae214a9a27648cfbd8fd9,
        type: 3}
      propertyPath: m_LocalRotation.x
      value: 0
      objectReference: {fileID: 0}
    - target: {fileID: 6133407557284447420, guid: 2da8bd84b59ae214a9a27648cfbd8fd9,
        type: 3}
      propertyPath: m_LocalRotation.y
      value: 0
      objectReference: {fileID: 0}
    - target: {fileID: 6133407557284447420, guid: 2da8bd84b59ae214a9a27648cfbd8fd9,
        type: 3}
      propertyPath: m_LocalRotation.z
      value: 0
      objectReference: {fileID: 0}
    - target: {fileID: 6133407557284447420, guid: 2da8bd84b59ae214a9a27648cfbd8fd9,
        type: 3}
      propertyPath: m_LocalRotation.w
      value: 1
      objectReference: {fileID: 0}
    - target: {fileID: 6133407557284447420, guid: 2da8bd84b59ae214a9a27648cfbd8fd9,
        type: 3}
      propertyPath: m_RootOrder
      value: 0
      objectReference: {fileID: 0}
    - target: {fileID: 6133407557284447420, guid: 2da8bd84b59ae214a9a27648cfbd8fd9,
        type: 3}
      propertyPath: m_LocalEulerAnglesHint.x
      value: 0
      objectReference: {fileID: 0}
    - target: {fileID: 6133407557284447420, guid: 2da8bd84b59ae214a9a27648cfbd8fd9,
        type: 3}
      propertyPath: m_LocalEulerAnglesHint.y
      value: 0
      objectReference: {fileID: 0}
    - target: {fileID: 6133407557284447420, guid: 2da8bd84b59ae214a9a27648cfbd8fd9,
        type: 3}
      propertyPath: m_LocalEulerAnglesHint.z
      value: 0
      objectReference: {fileID: 0}
    - target: {fileID: 6965519556297086995, guid: 2da8bd84b59ae214a9a27648cfbd8fd9,
        type: 3}
      propertyPath: exits.Array.data[0]
      value: 1
      objectReference: {fileID: 0}
    - target: {fileID: 6965519556297086995, guid: 2da8bd84b59ae214a9a27648cfbd8fd9,
        type: 3}
      propertyPath: exits.Array.data[1]
      value: 1
      objectReference: {fileID: 0}
    - target: {fileID: 6965519556297086995, guid: 2da8bd84b59ae214a9a27648cfbd8fd9,
        type: 3}
      propertyPath: entrances.Array.data[0]
      value: 1
      objectReference: {fileID: 0}
    - target: {fileID: 6965519556297086995, guid: 2da8bd84b59ae214a9a27648cfbd8fd9,
        type: 3}
      propertyPath: entrances.Array.data[1]
      value: 1
      objectReference: {fileID: 0}
    - target: {fileID: 6965519556297086995, guid: 2da8bd84b59ae214a9a27648cfbd8fd9,
        type: 3}
      propertyPath: gateHeight
      value: 1
      objectReference: {fileID: 0}
    - target: {fileID: 6965519556297086995, guid: 2da8bd84b59ae214a9a27648cfbd8fd9,
        type: 3}
      propertyPath: exits.Array.data[2]
      value: 1
      objectReference: {fileID: 0}
    - target: {fileID: 6965519556297086995, guid: 2da8bd84b59ae214a9a27648cfbd8fd9,
        type: 3}
      propertyPath: entrances.Array.data[2]
      value: 1
      objectReference: {fileID: 0}
    - target: {fileID: 271974000785771651, guid: 2da8bd84b59ae214a9a27648cfbd8fd9,
        type: 3}
      propertyPath: m_LocalPosition.y
      value: 26.5
      objectReference: {fileID: 0}
    - target: {fileID: 271974000785771651, guid: 2da8bd84b59ae214a9a27648cfbd8fd9,
        type: 3}
      propertyPath: m_LocalPosition.x
      value: 0
      objectReference: {fileID: 0}
    - target: {fileID: 3384148382625919976, guid: 2da8bd84b59ae214a9a27648cfbd8fd9,
        type: 3}
      propertyPath: m_Size.y
      value: 0.25
      objectReference: {fileID: 0}
    - target: {fileID: 3384148382625919976, guid: 2da8bd84b59ae214a9a27648cfbd8fd9,
        type: 3}
      propertyPath: m_Size.x
      value: 3.9166665
      objectReference: {fileID: 0}
    - target: {fileID: 3452351649356049477, guid: 2da8bd84b59ae214a9a27648cfbd8fd9,
        type: 3}
      propertyPath: m_Size.y
      value: 0.25
      objectReference: {fileID: 0}
    - target: {fileID: 3452351649356049477, guid: 2da8bd84b59ae214a9a27648cfbd8fd9,
        type: 3}
      propertyPath: m_Size.x
      value: 3.9166665
      objectReference: {fileID: 0}
    - target: {fileID: 4300740338812449886, guid: 2da8bd84b59ae214a9a27648cfbd8fd9,
        type: 3}
      propertyPath: m_RootOrder
      value: 2
      objectReference: {fileID: 0}
    - target: {fileID: 4300740338812449886, guid: 2da8bd84b59ae214a9a27648cfbd8fd9,
        type: 3}
      propertyPath: m_LocalPosition.y
      value: 6.443782
      objectReference: {fileID: 0}
    - target: {fileID: 5410072982745533799, guid: 2da8bd84b59ae214a9a27648cfbd8fd9,
        type: 3}
      propertyPath: m_LocalPosition.y
      value: 0
      objectReference: {fileID: 0}
    - target: {fileID: 6305047697111257453, guid: 2da8bd84b59ae214a9a27648cfbd8fd9,
        type: 3}
      propertyPath: bounds.m_Extent.y
      value: 12.35
      objectReference: {fileID: 0}
    - target: {fileID: 6305047697111257453, guid: 2da8bd84b59ae214a9a27648cfbd8fd9,
        type: 3}
      propertyPath: bounds.m_Center.y
      value: 12.35
      objectReference: {fileID: 0}
    - target: {fileID: 6086862004868259552, guid: 2da8bd84b59ae214a9a27648cfbd8fd9,
        type: 3}
      propertyPath: lineRenderers.Array.size
      value: 2
      objectReference: {fileID: 0}
    - target: {fileID: 6086862004868259552, guid: 2da8bd84b59ae214a9a27648cfbd8fd9,
        type: 3}
      propertyPath: lineRenderers.Array.data[0]
      value: 
      objectReference: {fileID: 1185391909656446469}
    - target: {fileID: 6086862004868259552, guid: 2da8bd84b59ae214a9a27648cfbd8fd9,
        type: 3}
      propertyPath: lineRenderers.Array.data[1]
      value: 
      objectReference: {fileID: 7925700288037127728}
    - target: {fileID: 6086862004868259552, guid: 2da8bd84b59ae214a9a27648cfbd8fd9,
        type: 3}
      propertyPath: lineRenderers.Array.data[2]
      value: 
      objectReference: {fileID: 0}
    - target: {fileID: 6086862004868259552, guid: 2da8bd84b59ae214a9a27648cfbd8fd9,
        type: 3}
      propertyPath: lineRenderers.Array.data[3]
      value: 
      objectReference: {fileID: 0}
    - target: {fileID: 7748877989398552172, guid: 2da8bd84b59ae214a9a27648cfbd8fd9,
        type: 3}
      propertyPath: m_Size.y
      value: 0.25
      objectReference: {fileID: 0}
    - target: {fileID: 7748877989398552172, guid: 2da8bd84b59ae214a9a27648cfbd8fd9,
        type: 3}
      propertyPath: m_Size.x
      value: 3.9166665
      objectReference: {fileID: 0}
    - target: {fileID: 7266742054102463878, guid: 2da8bd84b59ae214a9a27648cfbd8fd9,
        type: 3}
      propertyPath: m_Size.y
      value: 0.25
      objectReference: {fileID: 0}
    - target: {fileID: 7266742054102463878, guid: 2da8bd84b59ae214a9a27648cfbd8fd9,
        type: 3}
      propertyPath: m_Size.x
      value: 3.9166665
      objectReference: {fileID: 0}
    - target: {fileID: 7329673868436653153, guid: 2da8bd84b59ae214a9a27648cfbd8fd9,
        type: 3}
      propertyPath: m_LocalPosition.y
      value: 0
      objectReference: {fileID: 0}
    - target: {fileID: 8924940155185061171, guid: 2da8bd84b59ae214a9a27648cfbd8fd9,
        type: 3}
      propertyPath: m_Size.y
      value: 0.25
      objectReference: {fileID: 0}
    - target: {fileID: 8924940155185061171, guid: 2da8bd84b59ae214a9a27648cfbd8fd9,
        type: 3}
      propertyPath: m_Size.x
      value: 3.9166665
      objectReference: {fileID: 0}
    - target: {fileID: 8140945441881870758, guid: 2da8bd84b59ae214a9a27648cfbd8fd9,
        type: 3}
      propertyPath: m_Size.y
      value: 0.25
      objectReference: {fileID: 0}
    - target: {fileID: 8140945441881870758, guid: 2da8bd84b59ae214a9a27648cfbd8fd9,
        type: 3}
      propertyPath: m_Size.x
      value: 3.9166665
      objectReference: {fileID: 0}
    - target: {fileID: 1403181435142272207, guid: 2da8bd84b59ae214a9a27648cfbd8fd9,
        type: 3}
      propertyPath: m_LocalPosition.y
      value: 18
      objectReference: {fileID: 0}
    - target: {fileID: 1403181435142272207, guid: 2da8bd84b59ae214a9a27648cfbd8fd9,
        type: 3}
      propertyPath: m_LocalPosition.x
      value: 7.75
      objectReference: {fileID: 0}
    - target: {fileID: 2457017947174396094, guid: 2da8bd84b59ae214a9a27648cfbd8fd9,
        type: 3}
      propertyPath: m_LocalPosition.y
      value: 18
      objectReference: {fileID: 0}
    - target: {fileID: 2457017947174396094, guid: 2da8bd84b59ae214a9a27648cfbd8fd9,
        type: 3}
      propertyPath: m_LocalPosition.x
      value: -7.75
      objectReference: {fileID: 0}
    - target: {fileID: 3924545098802868901, guid: 2da8bd84b59ae214a9a27648cfbd8fd9,
        type: 3}
      propertyPath: m_LocalPosition.y
      value: 25.649996
      objectReference: {fileID: 0}
    - target: {fileID: 3924545098802868901, guid: 2da8bd84b59ae214a9a27648cfbd8fd9,
        type: 3}
      propertyPath: m_LocalPosition.x
      value: -0.00000047683716
      objectReference: {fileID: 0}
    - target: {fileID: 5600551348066909363, guid: 2da8bd84b59ae214a9a27648cfbd8fd9,
        type: 3}
      propertyPath: m_LocalPosition.y
      value: 25.649996
      objectReference: {fileID: 0}
    - target: {fileID: 5600551348066909363, guid: 2da8bd84b59ae214a9a27648cfbd8fd9,
        type: 3}
      propertyPath: m_LocalPosition.x
      value: -4.666667
      objectReference: {fileID: 0}
    - target: {fileID: 6314319615969089397, guid: 2da8bd84b59ae214a9a27648cfbd8fd9,
        type: 3}
      propertyPath: m_IsActive
      value: 1
      objectReference: {fileID: 0}
    - target: {fileID: 6086862004868259565, guid: 2da8bd84b59ae214a9a27648cfbd8fd9,
        type: 3}
      propertyPath: m_IsActive
      value: 1
      objectReference: {fileID: 0}
    - target: {fileID: 6086862003929260630, guid: 2da8bd84b59ae214a9a27648cfbd8fd9,
        type: 3}
      propertyPath: m_LocalPosition.y
      value: 0
      objectReference: {fileID: 0}
    - target: {fileID: 6086862003929260630, guid: 2da8bd84b59ae214a9a27648cfbd8fd9,
        type: 3}
      propertyPath: m_LocalPosition.z
      value: -0.1
      objectReference: {fileID: 0}
    - target: {fileID: 7961142355010860864, guid: 2da8bd84b59ae214a9a27648cfbd8fd9,
        type: 3}
      propertyPath: m_LocalPosition.y
      value: -9.35
      objectReference: {fileID: 0}
    - target: {fileID: 7961142355010860864, guid: 2da8bd84b59ae214a9a27648cfbd8fd9,
        type: 3}
      propertyPath: m_LocalPosition.x
      value: -4.666667
      objectReference: {fileID: 0}
    - target: {fileID: 7933516675562778912, guid: 2da8bd84b59ae214a9a27648cfbd8fd9,
        type: 3}
      propertyPath: m_LocalPosition.y
      value: -9.35
      objectReference: {fileID: 0}
    - target: {fileID: 7933516675562778912, guid: 2da8bd84b59ae214a9a27648cfbd8fd9,
        type: 3}
      propertyPath: m_LocalPosition.x
      value: 4.666666
      objectReference: {fileID: 0}
    - target: {fileID: 7684353289270364937, guid: 2da8bd84b59ae214a9a27648cfbd8fd9,
        type: 3}
      propertyPath: m_LocalPosition.y
      value: -9.35
      objectReference: {fileID: 0}
    - target: {fileID: 7684353289270364937, guid: 2da8bd84b59ae214a9a27648cfbd8fd9,
        type: 3}
      propertyPath: m_LocalPosition.x
      value: -0.00000047683716
      objectReference: {fileID: 0}
    - target: {fileID: 8271285240381145496, guid: 2da8bd84b59ae214a9a27648cfbd8fd9,
        type: 3}
      propertyPath: m_LocalPosition.y
      value: 25.649996
      objectReference: {fileID: 0}
    - target: {fileID: 8271285240381145496, guid: 2da8bd84b59ae214a9a27648cfbd8fd9,
        type: 3}
      propertyPath: m_LocalPosition.x
      value: 4.666666
      objectReference: {fileID: 0}
    - target: {fileID: 1651338319670687055, guid: 2da8bd84b59ae214a9a27648cfbd8fd9,
        type: 3}
      propertyPath: m_Size.y
      value: 36
      objectReference: {fileID: 0}
    - target: {fileID: 2849289453647896894, guid: 2da8bd84b59ae214a9a27648cfbd8fd9,
        type: 3}
      propertyPath: m_Size.y
      value: 36
      objectReference: {fileID: 0}
    - target: {fileID: 639351015212447213, guid: 2da8bd84b59ae214a9a27648cfbd8fd9,
        type: 3}
      propertyPath: m_SpriteTilingProperty.newSize.y
      value: 36
      objectReference: {fileID: 0}
    - target: {fileID: 4161150712803287452, guid: 2da8bd84b59ae214a9a27648cfbd8fd9,
        type: 3}
      propertyPath: m_SpriteTilingProperty.newSize.y
      value: 36
      objectReference: {fileID: 0}
    - target: {fileID: 6086862003929260650, guid: 2da8bd84b59ae214a9a27648cfbd8fd9,
        type: 3}
      propertyPath: m_Mesh
      value: 
      objectReference: {fileID: 4300000, guid: 6d39f555784ca134689a3dd9d73b2a55, type: 2}
    - target: {fileID: 7224806519461473941, guid: 2da8bd84b59ae214a9a27648cfbd8fd9,
        type: 3}
      propertyPath: m_RootOrder
      value: 2
      objectReference: {fileID: 0}
    - target: {fileID: 7224806519461473941, guid: 2da8bd84b59ae214a9a27648cfbd8fd9,
        type: 3}
      propertyPath: m_LocalPosition.y
      value: 10.198
      objectReference: {fileID: 0}
    - target: {fileID: 8762535799499097983, guid: 2da8bd84b59ae214a9a27648cfbd8fd9,
        type: 3}
      propertyPath: m_RootOrder
      value: 4
      objectReference: {fileID: 0}
    - target: {fileID: 8762535799499097983, guid: 2da8bd84b59ae214a9a27648cfbd8fd9,
        type: 3}
      propertyPath: m_LocalPosition.y
      value: 10.198
      objectReference: {fileID: 0}
    - target: {fileID: 5086770371380279599, guid: 2da8bd84b59ae214a9a27648cfbd8fd9,
        type: 3}
      propertyPath: m_RootOrder
      value: 5
      objectReference: {fileID: 0}
    - target: {fileID: 5086770371380279599, guid: 2da8bd84b59ae214a9a27648cfbd8fd9,
        type: 3}
      propertyPath: m_LocalPosition.y
      value: 2.198
      objectReference: {fileID: 0}
    - target: {fileID: 4085516417009767903, guid: 2da8bd84b59ae214a9a27648cfbd8fd9,
        type: 3}
      propertyPath: m_RootOrder
      value: 6
      objectReference: {fileID: 0}
    - target: {fileID: 4085516417009767903, guid: 2da8bd84b59ae214a9a27648cfbd8fd9,
        type: 3}
      propertyPath: m_LocalPosition.y
      value: 10.198
      objectReference: {fileID: 0}
    - target: {fileID: 2881111500758719241, guid: 2da8bd84b59ae214a9a27648cfbd8fd9,
        type: 3}
      propertyPath: m_RootOrder
      value: 7
      objectReference: {fileID: 0}
    - target: {fileID: 2881111500758719241, guid: 2da8bd84b59ae214a9a27648cfbd8fd9,
        type: 3}
      propertyPath: m_LocalPosition.y
      value: 11.448
      objectReference: {fileID: 0}
    - target: {fileID: 2129085443969633429, guid: 2da8bd84b59ae214a9a27648cfbd8fd9,
        type: 3}
      propertyPath: m_LocalPosition.y
      value: 17
      objectReference: {fileID: 0}
    - target: {fileID: 6466106737005192088, guid: 2da8bd84b59ae214a9a27648cfbd8fd9,
        type: 3}
      propertyPath: m_RootOrder
      value: 2
      objectReference: {fileID: 0}
    - target: {fileID: 484356583726601267, guid: 2da8bd84b59ae214a9a27648cfbd8fd9,
        type: 3}
      propertyPath: m_RootOrder
      value: 3
      objectReference: {fileID: 0}
    - target: {fileID: 7612789752949347332, guid: 2da8bd84b59ae214a9a27648cfbd8fd9,
        type: 3}
      propertyPath: m_RootOrder
      value: 6
      objectReference: {fileID: 0}
    - target: {fileID: 8686264941693385028, guid: 2da8bd84b59ae214a9a27648cfbd8fd9,
        type: 3}
      propertyPath: m_RootOrder
      value: 7
      objectReference: {fileID: 0}
    m_RemovedComponents: []
  m_SourcePrefab: {fileID: 100100000, guid: 2da8bd84b59ae214a9a27648cfbd8fd9, type: 3}
--- !u!4 &1043039271441947154 stripped
Transform:
  m_CorrespondingSourceObject: {fileID: 50071852840315713, guid: 2da8bd84b59ae214a9a27648cfbd8fd9,
    type: 3}
  m_PrefabInstance: {fileID: 1065236162385195347}
  m_PrefabAsset: {fileID: 0}
--- !u!4 &3848103952352888077 stripped
Transform:
  m_CorrespondingSourceObject: {fileID: 4300740338812449886, guid: 2da8bd84b59ae214a9a27648cfbd8fd9,
    type: 3}
  m_PrefabInstance: {fileID: 1065236162385195347}
  m_PrefabAsset: {fileID: 0}
--- !u!4 &7741759407481943346 stripped
Transform:
  m_CorrespondingSourceObject: {fileID: 7329673868436653153, guid: 2da8bd84b59ae214a9a27648cfbd8fd9,
    type: 3}
  m_PrefabInstance: {fileID: 1065236162385195347}
  m_PrefabAsset: {fileID: 0}
--- !u!4 &6534892501011017661 stripped
Transform:
  m_CorrespondingSourceObject: {fileID: 6086862004868259566, guid: 2da8bd84b59ae214a9a27648cfbd8fd9,
    type: 3}
  m_PrefabInstance: {fileID: 1065236162385195347}
  m_PrefabAsset: {fileID: 0}
--- !u!1001 &1189402315322584270
PrefabInstance:
  m_ObjectHideFlags: 0
  serializedVersion: 2
  m_Modification:
    m_TransformParent: {fileID: 7741759407481943346}
    m_Modifications:
    - target: {fileID: 8072444317254863660, guid: 3c6626b34d9d203428da900e90dbbfb7,
        type: 3}
      propertyPath: m_Name
      value: OneWayPlatform (2)
      objectReference: {fileID: 0}
    - target: {fileID: 3310589692164440833, guid: 3c6626b34d9d203428da900e90dbbfb7,
        type: 3}
      propertyPath: m_LocalPosition.x
      value: 4.75
      objectReference: {fileID: 0}
    - target: {fileID: 3310589692164440833, guid: 3c6626b34d9d203428da900e90dbbfb7,
        type: 3}
      propertyPath: m_LocalPosition.y
      value: 30.04
      objectReference: {fileID: 0}
    - target: {fileID: 3310589692164440833, guid: 3c6626b34d9d203428da900e90dbbfb7,
        type: 3}
      propertyPath: m_LocalPosition.z
      value: 0
      objectReference: {fileID: 0}
    - target: {fileID: 3310589692164440833, guid: 3c6626b34d9d203428da900e90dbbfb7,
        type: 3}
      propertyPath: m_LocalRotation.x
      value: -0
      objectReference: {fileID: 0}
    - target: {fileID: 3310589692164440833, guid: 3c6626b34d9d203428da900e90dbbfb7,
        type: 3}
      propertyPath: m_LocalRotation.y
      value: -0
      objectReference: {fileID: 0}
    - target: {fileID: 3310589692164440833, guid: 3c6626b34d9d203428da900e90dbbfb7,
        type: 3}
      propertyPath: m_LocalRotation.z
      value: -0
      objectReference: {fileID: 0}
    - target: {fileID: 3310589692164440833, guid: 3c6626b34d9d203428da900e90dbbfb7,
        type: 3}
      propertyPath: m_LocalRotation.w
      value: 1
      objectReference: {fileID: 0}
    - target: {fileID: 3310589692164440833, guid: 3c6626b34d9d203428da900e90dbbfb7,
        type: 3}
      propertyPath: m_RootOrder
      value: 7
      objectReference: {fileID: 0}
    - target: {fileID: 3310589692164440833, guid: 3c6626b34d9d203428da900e90dbbfb7,
        type: 3}
      propertyPath: m_LocalEulerAnglesHint.x
      value: 0
      objectReference: {fileID: 0}
    - target: {fileID: 3310589692164440833, guid: 3c6626b34d9d203428da900e90dbbfb7,
        type: 3}
      propertyPath: m_LocalEulerAnglesHint.y
      value: 0
      objectReference: {fileID: 0}
    - target: {fileID: 3310589692164440833, guid: 3c6626b34d9d203428da900e90dbbfb7,
        type: 3}
      propertyPath: m_LocalEulerAnglesHint.z
      value: 0
      objectReference: {fileID: 0}
    - target: {fileID: 2909944038724321921, guid: 3c6626b34d9d203428da900e90dbbfb7,
        type: 3}
      propertyPath: m_Size.x
      value: 3.5
      objectReference: {fileID: 0}
    - target: {fileID: 520140857393485394, guid: 3c6626b34d9d203428da900e90dbbfb7,
        type: 3}
      propertyPath: m_SpriteTilingProperty.newSize.x
      value: 3.5
      objectReference: {fileID: 0}
    m_RemovedComponents: []
  m_SourcePrefab: {fileID: 100100000, guid: 3c6626b34d9d203428da900e90dbbfb7, type: 3}
--- !u!1001 &2962532553011646282
PrefabInstance:
  m_ObjectHideFlags: 0
  serializedVersion: 2
  m_Modification:
    m_TransformParent: {fileID: 7741759407481943346}
    m_Modifications:
    - target: {fileID: 8909895302636249009, guid: dae74c273552586408340ff41550c5ef,
        type: 3}
      propertyPath: m_Name
      value: Platform_Swap
      objectReference: {fileID: 0}
    - target: {fileID: 2760926529371166620, guid: dae74c273552586408340ff41550c5ef,
        type: 3}
      propertyPath: m_LocalPosition.x
      value: 0
      objectReference: {fileID: 0}
    - target: {fileID: 2760926529371166620, guid: dae74c273552586408340ff41550c5ef,
        type: 3}
      propertyPath: m_LocalPosition.y
      value: 18.79
      objectReference: {fileID: 0}
    - target: {fileID: 2760926529371166620, guid: dae74c273552586408340ff41550c5ef,
        type: 3}
      propertyPath: m_LocalPosition.z
      value: 0
      objectReference: {fileID: 0}
    - target: {fileID: 2760926529371166620, guid: dae74c273552586408340ff41550c5ef,
        type: 3}
      propertyPath: m_LocalRotation.x
      value: -0
      objectReference: {fileID: 0}
    - target: {fileID: 2760926529371166620, guid: dae74c273552586408340ff41550c5ef,
        type: 3}
      propertyPath: m_LocalRotation.y
      value: -0
      objectReference: {fileID: 0}
    - target: {fileID: 2760926529371166620, guid: dae74c273552586408340ff41550c5ef,
        type: 3}
      propertyPath: m_LocalRotation.z
      value: -0
      objectReference: {fileID: 0}
    - target: {fileID: 2760926529371166620, guid: dae74c273552586408340ff41550c5ef,
        type: 3}
      propertyPath: m_LocalRotation.w
      value: 1
      objectReference: {fileID: 0}
    - target: {fileID: 2760926529371166620, guid: dae74c273552586408340ff41550c5ef,
        type: 3}
      propertyPath: m_RootOrder
      value: 3
      objectReference: {fileID: 0}
    - target: {fileID: 2760926529371166620, guid: dae74c273552586408340ff41550c5ef,
        type: 3}
      propertyPath: m_LocalEulerAnglesHint.x
      value: 0
      objectReference: {fileID: 0}
    - target: {fileID: 2760926529371166620, guid: dae74c273552586408340ff41550c5ef,
        type: 3}
      propertyPath: m_LocalEulerAnglesHint.y
      value: 0
      objectReference: {fileID: 0}
    - target: {fileID: 2760926529371166620, guid: dae74c273552586408340ff41550c5ef,
        type: 3}
      propertyPath: m_LocalEulerAnglesHint.z
      value: 0
      objectReference: {fileID: 0}
    - target: {fileID: 2577019322299520540, guid: dae74c273552586408340ff41550c5ef,
        type: 3}
      propertyPath: m_Size.x
      value: 12.5
      objectReference: {fileID: 0}
    - target: {fileID: 907108769095074511, guid: dae74c273552586408340ff41550c5ef,
        type: 3}
      propertyPath: m_SpriteTilingProperty.newSize.x
      value: 12.5
      objectReference: {fileID: 0}
    m_RemovedComponents: []
  m_SourcePrefab: {fileID: 100100000, guid: dae74c273552586408340ff41550c5ef, type: 3}
--- !u!1001 &3474570819713099480
PrefabInstance:
  m_ObjectHideFlags: 0
  serializedVersion: 2
  m_Modification:
    m_TransformParent: {fileID: 7741759407481943346}
    m_Modifications:
    - target: {fileID: 8072444317254863660, guid: 3c6626b34d9d203428da900e90dbbfb7,
        type: 3}
      propertyPath: m_Name
      value: OneWayPlatform (3)
      objectReference: {fileID: 0}
    - target: {fileID: 3310589692164440833, guid: 3c6626b34d9d203428da900e90dbbfb7,
        type: 3}
      propertyPath: m_LocalPosition.x
      value: 0
      objectReference: {fileID: 0}
    - target: {fileID: 3310589692164440833, guid: 3c6626b34d9d203428da900e90dbbfb7,
        type: 3}
      propertyPath: m_LocalPosition.y
      value: 24.04
      objectReference: {fileID: 0}
    - target: {fileID: 3310589692164440833, guid: 3c6626b34d9d203428da900e90dbbfb7,
        type: 3}
      propertyPath: m_LocalPosition.z
      value: 0
      objectReference: {fileID: 0}
    - target: {fileID: 3310589692164440833, guid: 3c6626b34d9d203428da900e90dbbfb7,
        type: 3}
      propertyPath: m_LocalRotation.x
      value: -0
      objectReference: {fileID: 0}
    - target: {fileID: 3310589692164440833, guid: 3c6626b34d9d203428da900e90dbbfb7,
        type: 3}
      propertyPath: m_LocalRotation.y
      value: -0
      objectReference: {fileID: 0}
    - target: {fileID: 3310589692164440833, guid: 3c6626b34d9d203428da900e90dbbfb7,
        type: 3}
      propertyPath: m_LocalRotation.z
      value: -0
      objectReference: {fileID: 0}
    - target: {fileID: 3310589692164440833, guid: 3c6626b34d9d203428da900e90dbbfb7,
        type: 3}
      propertyPath: m_LocalRotation.w
      value: 1
      objectReference: {fileID: 0}
    - target: {fileID: 3310589692164440833, guid: 3c6626b34d9d203428da900e90dbbfb7,
        type: 3}
      propertyPath: m_RootOrder
      value: 8
      objectReference: {fileID: 0}
    - target: {fileID: 3310589692164440833, guid: 3c6626b34d9d203428da900e90dbbfb7,
        type: 3}
      propertyPath: m_LocalEulerAnglesHint.x
      value: 0
      objectReference: {fileID: 0}
    - target: {fileID: 3310589692164440833, guid: 3c6626b34d9d203428da900e90dbbfb7,
        type: 3}
      propertyPath: m_LocalEulerAnglesHint.y
      value: 0
      objectReference: {fileID: 0}
    - target: {fileID: 3310589692164440833, guid: 3c6626b34d9d203428da900e90dbbfb7,
        type: 3}
      propertyPath: m_LocalEulerAnglesHint.z
      value: 0
      objectReference: {fileID: 0}
    - target: {fileID: 2909944038724321921, guid: 3c6626b34d9d203428da900e90dbbfb7,
        type: 3}
      propertyPath: m_Size.x
      value: 6
      objectReference: {fileID: 0}
    - target: {fileID: 520140857393485394, guid: 3c6626b34d9d203428da900e90dbbfb7,
        type: 3}
      propertyPath: m_SpriteTilingProperty.newSize.x
      value: 6
      objectReference: {fileID: 0}
    m_RemovedComponents: []
  m_SourcePrefab: {fileID: 100100000, guid: 3c6626b34d9d203428da900e90dbbfb7, type: 3}
--- !u!1001 &4634081094054576800
PrefabInstance:
  m_ObjectHideFlags: 0
  serializedVersion: 2
  m_Modification:
    m_TransformParent: {fileID: 7741759407481943346}
    m_Modifications:
    - target: {fileID: 8072444317254863660, guid: 3c6626b34d9d203428da900e90dbbfb7,
        type: 3}
      propertyPath: m_Name
      value: OneWayPlatform
      objectReference: {fileID: 0}
    - target: {fileID: 3310589692164440833, guid: 3c6626b34d9d203428da900e90dbbfb7,
        type: 3}
      propertyPath: m_LocalPosition.x
      value: 0
      objectReference: {fileID: 0}
    - target: {fileID: 3310589692164440833, guid: 3c6626b34d9d203428da900e90dbbfb7,
        type: 3}
      propertyPath: m_LocalPosition.y
      value: 10.04
      objectReference: {fileID: 0}
    - target: {fileID: 3310589692164440833, guid: 3c6626b34d9d203428da900e90dbbfb7,
        type: 3}
      propertyPath: m_LocalPosition.z
      value: 0
      objectReference: {fileID: 0}
    - target: {fileID: 3310589692164440833, guid: 3c6626b34d9d203428da900e90dbbfb7,
        type: 3}
      propertyPath: m_LocalRotation.x
      value: -0
      objectReference: {fileID: 0}
    - target: {fileID: 3310589692164440833, guid: 3c6626b34d9d203428da900e90dbbfb7,
        type: 3}
      propertyPath: m_LocalRotation.y
      value: -0
      objectReference: {fileID: 0}
    - target: {fileID: 3310589692164440833, guid: 3c6626b34d9d203428da900e90dbbfb7,
        type: 3}
      propertyPath: m_LocalRotation.z
      value: -0
      objectReference: {fileID: 0}
    - target: {fileID: 3310589692164440833, guid: 3c6626b34d9d203428da900e90dbbfb7,
        type: 3}
      propertyPath: m_LocalRotation.w
      value: 1
      objectReference: {fileID: 0}
    - target: {fileID: 3310589692164440833, guid: 3c6626b34d9d203428da900e90dbbfb7,
        type: 3}
      propertyPath: m_RootOrder
      value: 4
      objectReference: {fileID: 0}
    - target: {fileID: 3310589692164440833, guid: 3c6626b34d9d203428da900e90dbbfb7,
        type: 3}
      propertyPath: m_LocalEulerAnglesHint.x
      value: 0
      objectReference: {fileID: 0}
    - target: {fileID: 3310589692164440833, guid: 3c6626b34d9d203428da900e90dbbfb7,
        type: 3}
      propertyPath: m_LocalEulerAnglesHint.y
      value: 0
      objectReference: {fileID: 0}
    - target: {fileID: 3310589692164440833, guid: 3c6626b34d9d203428da900e90dbbfb7,
        type: 3}
      propertyPath: m_LocalEulerAnglesHint.z
      value: 0
      objectReference: {fileID: 0}
    - target: {fileID: 2909944038724321921, guid: 3c6626b34d9d203428da900e90dbbfb7,
        type: 3}
      propertyPath: m_Size.x
      value: 13
      objectReference: {fileID: 0}
    - target: {fileID: 520140857393485394, guid: 3c6626b34d9d203428da900e90dbbfb7,
        type: 3}
      propertyPath: m_SpriteTilingProperty.newSize.x
      value: 13
      objectReference: {fileID: 0}
    m_RemovedComponents: []
  m_SourcePrefab: {fileID: 100100000, guid: 3c6626b34d9d203428da900e90dbbfb7, type: 3}
--- !u!1001 &7696202799065728848
PrefabInstance:
  m_ObjectHideFlags: 0
  serializedVersion: 2
  m_Modification:
    m_TransformParent: {fileID: 7741759407481943346}
    m_Modifications:
    - target: {fileID: 8072444317254863660, guid: 3c6626b34d9d203428da900e90dbbfb7,
        type: 3}
      propertyPath: m_Name
      value: OneWayPlatform (1)
      objectReference: {fileID: 0}
    - target: {fileID: 3310589692164440833, guid: 3c6626b34d9d203428da900e90dbbfb7,
        type: 3}
      propertyPath: m_LocalPosition.x
      value: -4.75
      objectReference: {fileID: 0}
    - target: {fileID: 3310589692164440833, guid: 3c6626b34d9d203428da900e90dbbfb7,
        type: 3}
      propertyPath: m_LocalPosition.y
      value: 30.04
      objectReference: {fileID: 0}
    - target: {fileID: 3310589692164440833, guid: 3c6626b34d9d203428da900e90dbbfb7,
        type: 3}
      propertyPath: m_LocalPosition.z
      value: 0
      objectReference: {fileID: 0}
    - target: {fileID: 3310589692164440833, guid: 3c6626b34d9d203428da900e90dbbfb7,
        type: 3}
      propertyPath: m_LocalRotation.x
      value: -0
      objectReference: {fileID: 0}
    - target: {fileID: 3310589692164440833, guid: 3c6626b34d9d203428da900e90dbbfb7,
        type: 3}
      propertyPath: m_LocalRotation.y
      value: -0
      objectReference: {fileID: 0}
    - target: {fileID: 3310589692164440833, guid: 3c6626b34d9d203428da900e90dbbfb7,
        type: 3}
      propertyPath: m_LocalRotation.z
      value: -0
      objectReference: {fileID: 0}
    - target: {fileID: 3310589692164440833, guid: 3c6626b34d9d203428da900e90dbbfb7,
        type: 3}
      propertyPath: m_LocalRotation.w
      value: 1
      objectReference: {fileID: 0}
    - target: {fileID: 3310589692164440833, guid: 3c6626b34d9d203428da900e90dbbfb7,
        type: 3}
      propertyPath: m_RootOrder
      value: 6
      objectReference: {fileID: 0}
    - target: {fileID: 3310589692164440833, guid: 3c6626b34d9d203428da900e90dbbfb7,
        type: 3}
      propertyPath: m_LocalEulerAnglesHint.x
      value: 0
      objectReference: {fileID: 0}
    - target: {fileID: 3310589692164440833, guid: 3c6626b34d9d203428da900e90dbbfb7,
        type: 3}
      propertyPath: m_LocalEulerAnglesHint.y
      value: 0
      objectReference: {fileID: 0}
    - target: {fileID: 3310589692164440833, guid: 3c6626b34d9d203428da900e90dbbfb7,
        type: 3}
      propertyPath: m_LocalEulerAnglesHint.z
      value: 0
      objectReference: {fileID: 0}
    - target: {fileID: 2909944038724321921, guid: 3c6626b34d9d203428da900e90dbbfb7,
        type: 3}
      propertyPath: m_Size.x
      value: 3.5
      objectReference: {fileID: 0}
    - target: {fileID: 520140857393485394, guid: 3c6626b34d9d203428da900e90dbbfb7,
        type: 3}
      propertyPath: m_SpriteTilingProperty.newSize.x
      value: 3.5
      objectReference: {fileID: 0}
    m_RemovedComponents: []
  m_SourcePrefab: {fileID: 100100000, guid: 3c6626b34d9d203428da900e90dbbfb7, type: 3}
