%YAML 1.1
%TAG !u! tag:unity3d.com,2011:
--- !u!1 &80081777578339116
GameObject:
  m_ObjectHideFlags: 0
  m_CorrespondingSourceObject: {fileID: 0}
  m_PrefabInstance: {fileID: 0}
  m_PrefabAsset: {fileID: 0}
  serializedVersion: 6
  m_Component:
  - component: {fileID: 7241234211139648621}
  - component: {fileID: 6887254847953449374}
  m_Layer: 0
  m_Name: CoinSpawn (1)
  m_TagString: Untagged
  m_Icon: {fileID: 5721338939258241955, guid: 0000000000000000d000000000000000, type: 0}
  m_NavMeshLayer: 0
  m_StaticEditorFlags: 0
  m_IsActive: 1
--- !u!4 &7241234211139648621
Transform:
  m_ObjectHideFlags: 0
  m_CorrespondingSourceObject: {fileID: 0}
  m_PrefabInstance: {fileID: 0}
  m_PrefabAsset: {fileID: 0}
  m_GameObject: {fileID: 80081777578339116}
  m_LocalRotation: {x: -0, y: -0, z: -0, w: 1}
  m_LocalPosition: {x: -3.25, y: 16, z: 0}
  m_LocalScale: {x: 1, y: 1, z: 1}
  m_Children: []
  m_Father: {fileID: 3848103952352888077}
  m_RootOrder: 1
  m_LocalEulerAnglesHint: {x: 0, y: 0, z: 0}
--- !u!114 &6887254847953449374
MonoBehaviour:
  m_ObjectHideFlags: 0
  m_CorrespondingSourceObject: {fileID: 0}
  m_PrefabInstance: {fileID: 0}
  m_PrefabAsset: {fileID: 0}
  m_GameObject: {fileID: 80081777578339116}
  m_Enabled: 1
  m_EditorHideFlags: 0
  m_Script: {fileID: 11500000, guid: 72fa6d55be0c82b459aaf379927f7763, type: 3}
  m_Name: 
  m_EditorClassIdentifier: 
--- !u!1 &111833659861903566
GameObject:
  m_ObjectHideFlags: 0
  m_CorrespondingSourceObject: {fileID: 0}
  m_PrefabInstance: {fileID: 0}
  m_PrefabAsset: {fileID: 0}
  serializedVersion: 6
  m_Component:
  - component: {fileID: 2444018829445668605}
  m_Layer: 0
  m_Name: GameObject
  m_TagString: Untagged
  m_Icon: {fileID: 0}
  m_NavMeshLayer: 0
  m_StaticEditorFlags: 0
  m_IsActive: 1
--- !u!4 &2444018829445668605
Transform:
  m_ObjectHideFlags: 0
  m_CorrespondingSourceObject: {fileID: 0}
  m_PrefabInstance: {fileID: 0}
  m_PrefabAsset: {fileID: 0}
  m_GameObject: {fileID: 111833659861903566}
  m_LocalRotation: {x: 0, y: 0, z: 0, w: 1}
  m_LocalPosition: {x: 0, y: 0, z: 0}
  m_LocalScale: {x: 1, y: 1, z: 1}
  m_Children: []
  m_Father: {fileID: 4776910276208211250}
  m_RootOrder: 0
  m_LocalEulerAnglesHint: {x: 0, y: 0, z: 0}
--- !u!1 &843593896755010353
GameObject:
  m_ObjectHideFlags: 0
  m_CorrespondingSourceObject: {fileID: 0}
  m_PrefabInstance: {fileID: 0}
  m_PrefabAsset: {fileID: 0}
  serializedVersion: 6
  m_Component:
  - component: {fileID: 7678317001772957072}
  - component: {fileID: 1185391909656446469}
  m_Layer: 0
  m_Name: New Game Object
  m_TagString: Untagged
  m_Icon: {fileID: 0}
  m_NavMeshLayer: 0
  m_StaticEditorFlags: 0
  m_IsActive: 1
--- !u!4 &7678317001772957072
Transform:
  m_ObjectHideFlags: 0
  m_CorrespondingSourceObject: {fileID: 0}
  m_PrefabInstance: {fileID: 0}
  m_PrefabAsset: {fileID: 0}
  m_GameObject: {fileID: 843593896755010353}
  m_LocalRotation: {x: -0, y: -0, z: -0, w: 1}
  m_LocalPosition: {x: 0, y: 0, z: 0}
  m_LocalScale: {x: 1, y: 1, z: 1}
  m_Children: []
  m_Father: {fileID: 6534892501011017661}
  m_RootOrder: 4
  m_LocalEulerAnglesHint: {x: 0, y: 0, z: 0}
--- !u!120 &1185391909656446469
LineRenderer:
  m_ObjectHideFlags: 0
  m_CorrespondingSourceObject: {fileID: 0}
  m_PrefabInstance: {fileID: 0}
  m_PrefabAsset: {fileID: 0}
  m_GameObject: {fileID: 843593896755010353}
  m_Enabled: 1
  m_CastShadows: 1
  m_ReceiveShadows: 1
  m_DynamicOccludee: 1
  m_MotionVectors: 0
  m_LightProbeUsage: 0
  m_ReflectionProbeUsage: 0
  m_RenderingLayerMask: 1
  m_RendererPriority: 0
  m_Materials:
  - {fileID: 2100000, guid: 2f04f40aa16f3244ab2769c399431166, type: 2}
  m_StaticBatchInfo:
    firstSubMesh: 0
    subMeshCount: 0
  m_StaticBatchRoot: {fileID: 0}
  m_ProbeAnchor: {fileID: 0}
  m_LightProbeVolumeOverride: {fileID: 0}
  m_ScaleInLightmap: 1
  m_PreserveUVs: 0
  m_IgnoreNormalsForChartDetection: 0
  m_ImportantGI: 0
  m_StitchLightmapSeams: 0
  m_SelectedEditorRenderState: 3
  m_MinimumChartSize: 4
  m_AutoUVMaxDistance: 0.5
  m_AutoUVMaxAngle: 89
  m_LightmapParameters: {fileID: 0}
  m_SortingLayerID: 0
  m_SortingLayer: 0
  m_SortingOrder: 0
  m_Positions:
  - {x: -6.75, y: 33.999996, z: 0}
  - {x: -8.75, y: 33.999996, z: 0}
  - {x: -8.75, y: 0, z: 0}
  - {x: -6.75, y: 0, z: 0}
  - {x: -6.75, y: 33.999996, z: 0}
  m_Parameters:
    serializedVersion: 3
    widthMultiplier: 0.25
    widthCurve:
      serializedVersion: 2
      m_Curve:
      - serializedVersion: 3
        time: 0
        value: 1
        inSlope: 0
        outSlope: 0
        tangentMode: 0
        weightedMode: 0
        inWeight: 0.33333334
        outWeight: 0.33333334
      m_PreInfinity: 2
      m_PostInfinity: 2
      m_RotationOrder: 4
    colorGradient:
      serializedVersion: 2
      key0: {r: 1, g: 1, b: 1, a: 1}
      key1: {r: 1, g: 1, b: 1, a: 1}
      key2: {r: 0, g: 0, b: 0, a: 0}
      key3: {r: 0, g: 0, b: 0, a: 0}
      key4: {r: 0, g: 0, b: 0, a: 0}
      key5: {r: 0, g: 0, b: 0, a: 0}
      key6: {r: 0, g: 0, b: 0, a: 0}
      key7: {r: 0, g: 0, b: 0, a: 0}
      ctime0: 0
      ctime1: 65535
      ctime2: 0
      ctime3: 0
      ctime4: 0
      ctime5: 0
      ctime6: 0
      ctime7: 0
      atime0: 0
      atime1: 65535
      atime2: 0
      atime3: 0
      atime4: 0
      atime5: 0
      atime6: 0
      atime7: 0
      m_Mode: 0
      m_NumColorKeys: 2
      m_NumAlphaKeys: 2
    numCornerVertices: 5
    numCapVertices: 0
    alignment: 0
    textureMode: 0
    shadowBias: 0.5
    generateLightingData: 0
  m_UseWorldSpace: 0
  m_Loop: 0
--- !u!1 &4054407513340884058
GameObject:
  m_ObjectHideFlags: 0
  m_CorrespondingSourceObject: {fileID: 0}
  m_PrefabInstance: {fileID: 0}
  m_PrefabAsset: {fileID: 0}
  serializedVersion: 6
  m_Component:
  - component: {fileID: 96697696680206862}
  m_Layer: 0
  m_Name: New Game Object
  m_TagString: Untagged
  m_Icon: {fileID: 0}
  m_NavMeshLayer: 0
  m_StaticEditorFlags: 0
  m_IsActive: 1
--- !u!4 &96697696680206862
Transform:
  m_ObjectHideFlags: 0
  m_CorrespondingSourceObject: {fileID: 0}
  m_PrefabInstance: {fileID: 0}
  m_PrefabAsset: {fileID: 0}
  m_GameObject: {fileID: 4054407513340884058}
  m_LocalRotation: {x: -0, y: -0, z: -0, w: 1}
  m_LocalPosition: {x: 0, y: 0, z: 0}
  m_LocalScale: {x: 1, y: 1, z: 1}
  m_Children: []
  m_Father: {fileID: 6534892501011017661}
  m_RootOrder: 2
  m_LocalEulerAnglesHint: {x: 0, y: 0, z: 0}
--- !u!1 &4764595535390320816
GameObject:
  m_ObjectHideFlags: 0
  m_CorrespondingSourceObject: {fileID: 0}
  m_PrefabInstance: {fileID: 0}
  m_PrefabAsset: {fileID: 0}
  serializedVersion: 6
  m_Component:
  - component: {fileID: 3996792079070829405}
  - component: {fileID: 7587276115174277468}
  - component: {fileID: 8437113375349415525}
  - component: {fileID: 8197700754624345122}
  - component: {fileID: 7974790736208632682}
  - component: {fileID: 5545297395312608193}
  - component: {fileID: 4795520892456521256}
  m_Layer: 0
  m_Name: SpriteShapeFromTerrain(Clone)
  m_TagString: Untagged
  m_Icon: {fileID: 0}
  m_NavMeshLayer: 0
  m_StaticEditorFlags: 0
  m_IsActive: 1
--- !u!4 &3996792079070829405
Transform:
  m_ObjectHideFlags: 0
  m_CorrespondingSourceObject: {fileID: 0}
  m_PrefabInstance: {fileID: 0}
  m_PrefabAsset: {fileID: 0}
  m_GameObject: {fileID: 4764595535390320816}
  m_LocalRotation: {x: -0, y: -0, z: -0, w: 1}
  m_LocalPosition: {x: 0, y: 0, z: 0}
  m_LocalScale: {x: 1, y: 1, z: 1}
  m_Children:
  - {fileID: 577031109683129626}
  m_Father: {fileID: 1043039271441947154}
  m_RootOrder: 1
  m_LocalEulerAnglesHint: {x: 0, y: 0, z: 0}
--- !u!114 &7587276115174277468
MonoBehaviour:
  m_ObjectHideFlags: 0
  m_CorrespondingSourceObject: {fileID: 0}
  m_PrefabInstance: {fileID: 0}
  m_PrefabAsset: {fileID: 0}
  m_GameObject: {fileID: 4764595535390320816}
  m_Enabled: 1
  m_EditorHideFlags: 0
  m_Script: {fileID: 11500000, guid: b04164830fd4b32459a659f5cc2bb5ba, type: 3}
  m_Name: 
  m_EditorClassIdentifier: 
  spriteShape: {fileID: 8437113375349415525}
  spriteShapeController: {fileID: 8197700754624345122}
--- !u!1971053207 &8437113375349415525
SpriteShapeRenderer:
  m_ObjectHideFlags: 0
  m_CorrespondingSourceObject: {fileID: 0}
  m_PrefabInstance: {fileID: 0}
  m_PrefabAsset: {fileID: 0}
  m_GameObject: {fileID: 4764595535390320816}
  m_Enabled: 1
  m_CastShadows: 1
  m_ReceiveShadows: 1
  m_DynamicOccludee: 0
  m_MotionVectors: 1
  m_LightProbeUsage: 1
  m_ReflectionProbeUsage: 1
  m_RenderingLayerMask: 1
  m_RendererPriority: 0
  m_Materials:
  - {fileID: 10754, guid: 0000000000000000f000000000000000, type: 0}
  m_StaticBatchInfo:
    firstSubMesh: 0
    subMeshCount: 0
  m_StaticBatchRoot: {fileID: 0}
  m_ProbeAnchor: {fileID: 0}
  m_LightProbeVolumeOverride: {fileID: 0}
  m_ScaleInLightmap: 1
  m_PreserveUVs: 0
  m_IgnoreNormalsForChartDetection: 0
  m_ImportantGI: 0
  m_StitchLightmapSeams: 0
  m_SelectedEditorRenderState: 0
  m_MinimumChartSize: 4
  m_AutoUVMaxDistance: 0.5
  m_AutoUVMaxAngle: 89
  m_LightmapParameters: {fileID: 0}
  m_SortingLayerID: 0
  m_SortingLayer: 0
  m_SortingOrder: 0
  m_Color: {r: 1, g: 1, b: 1, a: 1}
  m_MaskInteraction: 0
  m_ShapeTexture: {fileID: 2800000, guid: 821b20a69e1cce4408fb66926492c20f, type: 3}
  m_Sprites:
  - {fileID: 21300022, guid: 32f5350ae16ffb241afda19dc483918f, type: 3}
  - {fileID: 21300010, guid: 32f5350ae16ffb241afda19dc483918f, type: 3}
  - {fileID: 21300002, guid: 32f5350ae16ffb241afda19dc483918f, type: 3}
  - {fileID: 21300014, guid: 32f5350ae16ffb241afda19dc483918f, type: 3}
  - {fileID: 21300000, guid: 32f5350ae16ffb241afda19dc483918f, type: 3}
  - {fileID: 21300004, guid: 32f5350ae16ffb241afda19dc483918f, type: 3}
  - {fileID: 21300012, guid: 32f5350ae16ffb241afda19dc483918f, type: 3}
  - {fileID: 21300016, guid: 32f5350ae16ffb241afda19dc483918f, type: 3}
  - {fileID: 21300020, guid: 32f5350ae16ffb241afda19dc483918f, type: 3}
  - {fileID: 21300018, guid: 32f5350ae16ffb241afda19dc483918f, type: 3}
  - {fileID: 21300008, guid: 32f5350ae16ffb241afda19dc483918f, type: 3}
  - {fileID: 21300006, guid: 32f5350ae16ffb241afda19dc483918f, type: 3}
  m_LocalAABB:
    m_Center: {x: 7.7499995, y: 16.999998, z: -0.002}
    m_Extent: {x: 1.3200011, y: 17.319998, z: 0.002}
--- !u!114 &8197700754624345122
MonoBehaviour:
  m_ObjectHideFlags: 0
  m_CorrespondingSourceObject: {fileID: 0}
  m_PrefabInstance: {fileID: 0}
  m_PrefabAsset: {fileID: 0}
  m_GameObject: {fileID: 4764595535390320816}
  m_Enabled: 1
  m_EditorHideFlags: 0
  m_Script: {fileID: 11500000, guid: 90539df1cd5704abcb25fec9f3f5f84b, type: 3}
  m_Name: 
  m_EditorClassIdentifier: 
  m_Spline:
    m_IsOpenEnded: 0
    m_ControlPoints:
    - position: {x: 8.75, y: 0, z: 0}
      leftTangent: {x: 0, y: 0, z: 0}
      rightTangent: {x: 0, y: 0, z: 0}
      mode: 0
      height: 1
      bevelCutoff: 0
      bevelSize: 0
      spriteIndex: 0
      corner: 1
    - position: {x: 6.75, y: 0, z: 0}
      leftTangent: {x: 0, y: 0, z: 0}
      rightTangent: {x: 0, y: 0, z: 0}
      mode: 0
      height: 1
      bevelCutoff: 0
      bevelSize: 0
      spriteIndex: 0
      corner: 1
    - position: {x: 6.75, y: 33.999996, z: 0}
      leftTangent: {x: 0, y: 0, z: 0}
      rightTangent: {x: 0, y: 0, z: 0}
      mode: 0
      height: 1
      bevelCutoff: 0
      bevelSize: 0
      spriteIndex: 0
      corner: 1
    - position: {x: 8.75, y: 33.999996, z: 0}
      leftTangent: {x: 0, y: 0, z: 0}
      rightTangent: {x: 0, y: 0, z: 0}
      mode: 0
      height: 1
      bevelCutoff: 0
      bevelSize: 0
      spriteIndex: 0
      corner: 1
  m_SpriteShape: {fileID: 11400000, guid: 5aac4c21acb99b549889d8eb49831471, type: 2}
  m_SplineDetail: 4
  m_AdaptiveUV: 1
  m_UpdateCollider: 1
  m_ColliderDetail: 4
  m_ColliderOffset: 0
  m_ColliderCornerType: 0
--- !u!114 &7974790736208632682
MonoBehaviour:
  m_ObjectHideFlags: 0
  m_CorrespondingSourceObject: {fileID: 0}
  m_PrefabInstance: {fileID: 0}
  m_PrefabAsset: {fileID: 0}
  m_GameObject: {fileID: 4764595535390320816}
  m_Enabled: 1
  m_EditorHideFlags: 0
  m_Script: {fileID: 11500000, guid: 177389af927b442458cfb0c04be1bf01, type: 3}
  m_Name: 
  m_EditorClassIdentifier: 
  key: SpriteShapeTerrain
  isPooled: 0
--- !u!114 &5545297395312608193
MonoBehaviour:
  m_ObjectHideFlags: 0
  m_CorrespondingSourceObject: {fileID: 0}
  m_PrefabInstance: {fileID: 0}
  m_PrefabAsset: {fileID: 0}
  m_GameObject: {fileID: 4764595535390320816}
  m_Enabled: 1
  m_EditorHideFlags: 0
  m_Script: {fileID: 11500000, guid: 6de6ad778ff67df429ee5b471e8eacca, type: 3}
  m_Name: 
  m_EditorClassIdentifier: 
  style: 2
--- !u!114 &4795520892456521256
MonoBehaviour:
  m_ObjectHideFlags: 0
  m_CorrespondingSourceObject: {fileID: 0}
  m_PrefabInstance: {fileID: 0}
  m_PrefabAsset: {fileID: 0}
  m_GameObject: {fileID: 4764595535390320816}
  m_Enabled: 1
  m_EditorHideFlags: 0
  m_Script: {fileID: 11500000, guid: 58f389db044184a439075c6da3136d68, type: 3}
  m_Name: 
  m_EditorClassIdentifier: 
  onBackground:
    m_PersistentCalls:
      m_Calls: []
    m_TypeName: UnityEventMaterial, Assembly-CSharp, Version=1.0.0.0, Culture=neutral,
      PublicKeyToken=null
  onBackGodray:
    m_PersistentCalls:
      m_Calls: []
    m_TypeName: UnityEventMaterial, Assembly-CSharp, Version=1.0.0.0, Culture=neutral,
      PublicKeyToken=null
  onFrontalGodray:
    m_PersistentCalls:
      m_Calls: []
    m_TypeName: UnityEventMaterial, Assembly-CSharp, Version=1.0.0.0, Culture=neutral,
      PublicKeyToken=null
  onSpriteShape:
    m_PersistentCalls:
      m_Calls:
      - m_Target: {fileID: 8197700754624345122}
        m_MethodName: set_spriteShape
        m_Mode: 0
        m_Arguments:
          m_ObjectArgument: {fileID: 0}
          m_ObjectArgumentAssemblyTypeName: UnityEngine.Object, UnityEngine
          m_IntArgument: 0
          m_FloatArgument: 0
          m_StringArgument: 
          m_BoolArgument: 0
        m_CallState: 2
    m_TypeName: UnityEventSpriteShape, Assembly-CSharp, Version=1.0.0.0, Culture=neutral,
      PublicKeyToken=null
--- !u!1 &5247972624294429525
GameObject:
  m_ObjectHideFlags: 0
  m_CorrespondingSourceObject: {fileID: 0}
  m_PrefabInstance: {fileID: 0}
  m_PrefabAsset: {fileID: 0}
  serializedVersion: 6
  m_Component:
  - component: {fileID: 4776910276208211250}
  - component: {fileID: 2679608256092573592}
  - component: {fileID: 1491253823982873842}
  - component: {fileID: 7676632434133156992}
  - component: {fileID: 2373114307161440432}
  - component: {fileID: 3774033937949410838}
  - component: {fileID: 2769897546932791194}
  m_Layer: 0
  m_Name: SpriteShapeFromTerrain(Clone)
  m_TagString: Untagged
  m_Icon: {fileID: 0}
  m_NavMeshLayer: 0
  m_StaticEditorFlags: 0
  m_IsActive: 1
--- !u!4 &4776910276208211250
Transform:
  m_ObjectHideFlags: 0
  m_CorrespondingSourceObject: {fileID: 0}
  m_PrefabInstance: {fileID: 0}
  m_PrefabAsset: {fileID: 0}
  m_GameObject: {fileID: 5247972624294429525}
  m_LocalRotation: {x: -0, y: -0, z: -0, w: 1}
  m_LocalPosition: {x: 0, y: 0, z: 0}
  m_LocalScale: {x: 1, y: 1, z: 1}
  m_Children:
  - {fileID: 2444018829445668605}
  m_Father: {fileID: 1043039271441947154}
  m_RootOrder: 0
  m_LocalEulerAnglesHint: {x: 0, y: 0, z: 0}
--- !u!114 &2679608256092573592
MonoBehaviour:
  m_ObjectHideFlags: 0
  m_CorrespondingSourceObject: {fileID: 0}
  m_PrefabInstance: {fileID: 0}
  m_PrefabAsset: {fileID: 0}
  m_GameObject: {fileID: 5247972624294429525}
  m_Enabled: 1
  m_EditorHideFlags: 0
  m_Script: {fileID: 11500000, guid: b04164830fd4b32459a659f5cc2bb5ba, type: 3}
  m_Name: 
  m_EditorClassIdentifier: 
  spriteShape: {fileID: 1491253823982873842}
  spriteShapeController: {fileID: 7676632434133156992}
--- !u!1971053207 &1491253823982873842
SpriteShapeRenderer:
  m_ObjectHideFlags: 0
  m_CorrespondingSourceObject: {fileID: 0}
  m_PrefabInstance: {fileID: 0}
  m_PrefabAsset: {fileID: 0}
  m_GameObject: {fileID: 5247972624294429525}
  m_Enabled: 1
  m_CastShadows: 1
  m_ReceiveShadows: 1
  m_DynamicOccludee: 0
  m_MotionVectors: 1
  m_LightProbeUsage: 1
  m_ReflectionProbeUsage: 1
  m_RenderingLayerMask: 1
  m_RendererPriority: 0
  m_Materials:
  - {fileID: 10754, guid: 0000000000000000f000000000000000, type: 0}
  m_StaticBatchInfo:
    firstSubMesh: 0
    subMeshCount: 0
  m_StaticBatchRoot: {fileID: 0}
  m_ProbeAnchor: {fileID: 0}
  m_LightProbeVolumeOverride: {fileID: 0}
  m_ScaleInLightmap: 1
  m_PreserveUVs: 0
  m_IgnoreNormalsForChartDetection: 0
  m_ImportantGI: 0
  m_StitchLightmapSeams: 0
  m_SelectedEditorRenderState: 0
  m_MinimumChartSize: 4
  m_AutoUVMaxDistance: 0.5
  m_AutoUVMaxAngle: 89
  m_LightmapParameters: {fileID: 0}
  m_SortingLayerID: 0
  m_SortingLayer: 0
  m_SortingOrder: 0
  m_Color: {r: 1, g: 1, b: 1, a: 1}
  m_MaskInteraction: 0
  m_ShapeTexture: {fileID: 2800000, guid: 821b20a69e1cce4408fb66926492c20f, type: 3}
  m_Sprites:
  - {fileID: 21300022, guid: 32f5350ae16ffb241afda19dc483918f, type: 3}
  - {fileID: 21300010, guid: 32f5350ae16ffb241afda19dc483918f, type: 3}
  - {fileID: 21300002, guid: 32f5350ae16ffb241afda19dc483918f, type: 3}
  - {fileID: 21300014, guid: 32f5350ae16ffb241afda19dc483918f, type: 3}
  - {fileID: 21300000, guid: 32f5350ae16ffb241afda19dc483918f, type: 3}
  - {fileID: 21300004, guid: 32f5350ae16ffb241afda19dc483918f, type: 3}
  - {fileID: 21300012, guid: 32f5350ae16ffb241afda19dc483918f, type: 3}
  - {fileID: 21300016, guid: 32f5350ae16ffb241afda19dc483918f, type: 3}
  - {fileID: 21300020, guid: 32f5350ae16ffb241afda19dc483918f, type: 3}
  - {fileID: 21300018, guid: 32f5350ae16ffb241afda19dc483918f, type: 3}
  - {fileID: 21300008, guid: 32f5350ae16ffb241afda19dc483918f, type: 3}
  - {fileID: 21300006, guid: 32f5350ae16ffb241afda19dc483918f, type: 3}
  m_LocalAABB:
    m_Center: {x: -7.7499995, y: 16.999998, z: -0.002}
    m_Extent: {x: 1.3200011, y: 17.319998, z: 0.002}
--- !u!114 &7676632434133156992
MonoBehaviour:
  m_ObjectHideFlags: 0
  m_CorrespondingSourceObject: {fileID: 0}
  m_PrefabInstance: {fileID: 0}
  m_PrefabAsset: {fileID: 0}
  m_GameObject: {fileID: 5247972624294429525}
  m_Enabled: 1
  m_EditorHideFlags: 0
  m_Script: {fileID: 11500000, guid: 90539df1cd5704abcb25fec9f3f5f84b, type: 3}
  m_Name: 
  m_EditorClassIdentifier: 
  m_Spline:
    m_IsOpenEnded: 0
    m_ControlPoints:
    - position: {x: -6.75, y: 0, z: 0}
      leftTangent: {x: 0, y: 0, z: 0}
      rightTangent: {x: 0, y: 0, z: 0}
      mode: 0
      height: 1
      bevelCutoff: 0
      bevelSize: 0
      spriteIndex: 0
      corner: 1
    - position: {x: -8.75, y: 0, z: 0}
      leftTangent: {x: 0, y: 0, z: 0}
      rightTangent: {x: 0, y: 0, z: 0}
      mode: 0
      height: 1
      bevelCutoff: 0
      bevelSize: 0
      spriteIndex: 0
      corner: 1
    - position: {x: -8.75, y: 33.999996, z: 0}
      leftTangent: {x: 0, y: 0, z: 0}
      rightTangent: {x: 0, y: 0, z: 0}
      mode: 0
      height: 1
      bevelCutoff: 0
      bevelSize: 0
      spriteIndex: 0
      corner: 1
    - position: {x: -6.75, y: 33.999996, z: 0}
      leftTangent: {x: 0, y: 0, z: 0}
      rightTangent: {x: 0, y: 0, z: 0}
      mode: 0
      height: 1
      bevelCutoff: 0
      bevelSize: 0
      spriteIndex: 0
      corner: 1
  m_SpriteShape: {fileID: 11400000, guid: 5aac4c21acb99b549889d8eb49831471, type: 2}
  m_SplineDetail: 4
  m_AdaptiveUV: 1
  m_UpdateCollider: 1
  m_ColliderDetail: 4
  m_ColliderOffset: 0
  m_ColliderCornerType: 0
--- !u!114 &2373114307161440432
MonoBehaviour:
  m_ObjectHideFlags: 0
  m_CorrespondingSourceObject: {fileID: 0}
  m_PrefabInstance: {fileID: 0}
  m_PrefabAsset: {fileID: 0}
  m_GameObject: {fileID: 5247972624294429525}
  m_Enabled: 1
  m_EditorHideFlags: 0
  m_Script: {fileID: 11500000, guid: 177389af927b442458cfb0c04be1bf01, type: 3}
  m_Name: 
  m_EditorClassIdentifier: 
  key: SpriteShapeTerrain
  isPooled: 0
--- !u!114 &3774033937949410838
MonoBehaviour:
  m_ObjectHideFlags: 0
  m_CorrespondingSourceObject: {fileID: 0}
  m_PrefabInstance: {fileID: 0}
  m_PrefabAsset: {fileID: 0}
  m_GameObject: {fileID: 5247972624294429525}
  m_Enabled: 1
  m_EditorHideFlags: 0
  m_Script: {fileID: 11500000, guid: 6de6ad778ff67df429ee5b471e8eacca, type: 3}
  m_Name: 
  m_EditorClassIdentifier: 
  style: 2
--- !u!114 &2769897546932791194
MonoBehaviour:
  m_ObjectHideFlags: 0
  m_CorrespondingSourceObject: {fileID: 0}
  m_PrefabInstance: {fileID: 0}
  m_PrefabAsset: {fileID: 0}
  m_GameObject: {fileID: 5247972624294429525}
  m_Enabled: 1
  m_EditorHideFlags: 0
  m_Script: {fileID: 11500000, guid: 58f389db044184a439075c6da3136d68, type: 3}
  m_Name: 
  m_EditorClassIdentifier: 
  onBackground:
    m_PersistentCalls:
      m_Calls: []
    m_TypeName: UnityEventMaterial, Assembly-CSharp, Version=1.0.0.0, Culture=neutral,
      PublicKeyToken=null
  onBackGodray:
    m_PersistentCalls:
      m_Calls: []
    m_TypeName: UnityEventMaterial, Assembly-CSharp, Version=1.0.0.0, Culture=neutral,
      PublicKeyToken=null
  onFrontalGodray:
    m_PersistentCalls:
      m_Calls: []
    m_TypeName: UnityEventMaterial, Assembly-CSharp, Version=1.0.0.0, Culture=neutral,
      PublicKeyToken=null
  onSpriteShape:
    m_PersistentCalls:
      m_Calls:
      - m_Target: {fileID: 7676632434133156992}
        m_MethodName: set_spriteShape
        m_Mode: 0
        m_Arguments:
          m_ObjectArgument: {fileID: 0}
          m_ObjectArgumentAssemblyTypeName: UnityEngine.Object, UnityEngine
          m_IntArgument: 0
          m_FloatArgument: 0
          m_StringArgument: 
          m_BoolArgument: 0
        m_CallState: 2
    m_TypeName: UnityEventSpriteShape, Assembly-CSharp, Version=1.0.0.0, Culture=neutral,
      PublicKeyToken=null
--- !u!1 &5840260425831336413
GameObject:
  m_ObjectHideFlags: 0
  m_CorrespondingSourceObject: {fileID: 0}
  m_PrefabInstance: {fileID: 0}
  m_PrefabAsset: {fileID: 0}
  serializedVersion: 6
  m_Component:
  - component: {fileID: 4857853385276683071}
  m_Layer: 0
  m_Name: New Game Object
  m_TagString: Untagged
  m_Icon: {fileID: 0}
  m_NavMeshLayer: 0
  m_StaticEditorFlags: 0
  m_IsActive: 1
--- !u!4 &4857853385276683071
Transform:
  m_ObjectHideFlags: 0
  m_CorrespondingSourceObject: {fileID: 0}
  m_PrefabInstance: {fileID: 0}
  m_PrefabAsset: {fileID: 0}
  m_GameObject: {fileID: 5840260425831336413}
  m_LocalRotation: {x: -0, y: -0, z: -0, w: 1}
  m_LocalPosition: {x: 0, y: 0, z: 0}
  m_LocalScale: {x: 1, y: 1, z: 1}
  m_Children: []
  m_Father: {fileID: 6534892501011017661}
  m_RootOrder: 3
  m_LocalEulerAnglesHint: {x: 0, y: 0, z: 0}
--- !u!1 &5964578618091400979
GameObject:
  m_ObjectHideFlags: 0
  m_CorrespondingSourceObject: {fileID: 0}
  m_PrefabInstance: {fileID: 0}
  m_PrefabAsset: {fileID: 0}
  serializedVersion: 6
  m_Component:
  - component: {fileID: 5521072767214009366}
  - component: {fileID: 7925700288037127728}
  m_Layer: 0
  m_Name: New Game Object
  m_TagString: Untagged
  m_Icon: {fileID: 0}
  m_NavMeshLayer: 0
  m_StaticEditorFlags: 0
  m_IsActive: 1
--- !u!4 &5521072767214009366
Transform:
  m_ObjectHideFlags: 0
  m_CorrespondingSourceObject: {fileID: 0}
  m_PrefabInstance: {fileID: 0}
  m_PrefabAsset: {fileID: 0}
  m_GameObject: {fileID: 5964578618091400979}
  m_LocalRotation: {x: -0, y: -0, z: -0, w: 1}
  m_LocalPosition: {x: 0, y: 0, z: 0}
  m_LocalScale: {x: 1, y: 1, z: 1}
  m_Children: []
  m_Father: {fileID: 6534892501011017661}
  m_RootOrder: 5
  m_LocalEulerAnglesHint: {x: 0, y: 0, z: 0}
--- !u!120 &7925700288037127728
LineRenderer:
  m_ObjectHideFlags: 0
  m_CorrespondingSourceObject: {fileID: 0}
  m_PrefabInstance: {fileID: 0}
  m_PrefabAsset: {fileID: 0}
  m_GameObject: {fileID: 5964578618091400979}
  m_Enabled: 1
  m_CastShadows: 1
  m_ReceiveShadows: 1
  m_DynamicOccludee: 1
  m_MotionVectors: 0
  m_LightProbeUsage: 0
  m_ReflectionProbeUsage: 0
  m_RenderingLayerMask: 1
  m_RendererPriority: 0
  m_Materials:
  - {fileID: 2100000, guid: 2f04f40aa16f3244ab2769c399431166, type: 2}
  m_StaticBatchInfo:
    firstSubMesh: 0
    subMeshCount: 0
  m_StaticBatchRoot: {fileID: 0}
  m_ProbeAnchor: {fileID: 0}
  m_LightProbeVolumeOverride: {fileID: 0}
  m_ScaleInLightmap: 1
  m_PreserveUVs: 0
  m_IgnoreNormalsForChartDetection: 0
  m_ImportantGI: 0
  m_StitchLightmapSeams: 0
  m_SelectedEditorRenderState: 3
  m_MinimumChartSize: 4
  m_AutoUVMaxDistance: 0.5
  m_AutoUVMaxAngle: 89
  m_LightmapParameters: {fileID: 0}
  m_SortingLayerID: 0
  m_SortingLayer: 0
  m_SortingOrder: 0
  m_Positions:
  - {x: 8.75, y: 33.999996, z: 0}
  - {x: 6.75, y: 33.999996, z: 0}
  - {x: 6.75, y: 0, z: 0}
  - {x: 8.75, y: 0, z: 0}
  - {x: 8.75, y: 33.999996, z: 0}
  m_Parameters:
    serializedVersion: 3
    widthMultiplier: 0.25
    widthCurve:
      serializedVersion: 2
      m_Curve:
      - serializedVersion: 3
        time: 0
        value: 1
        inSlope: 0
        outSlope: 0
        tangentMode: 0
        weightedMode: 0
        inWeight: 0.33333334
        outWeight: 0.33333334
      m_PreInfinity: 2
      m_PostInfinity: 2
      m_RotationOrder: 4
    colorGradient:
      serializedVersion: 2
      key0: {r: 1, g: 1, b: 1, a: 1}
      key1: {r: 1, g: 1, b: 1, a: 1}
      key2: {r: 0, g: 0, b: 0, a: 0}
      key3: {r: 0, g: 0, b: 0, a: 0}
      key4: {r: 0, g: 0, b: 0, a: 0}
      key5: {r: 0, g: 0, b: 0, a: 0}
      key6: {r: 0, g: 0, b: 0, a: 0}
      key7: {r: 0, g: 0, b: 0, a: 0}
      ctime0: 0
      ctime1: 65535
      ctime2: 0
      ctime3: 0
      ctime4: 0
      ctime5: 0
      ctime6: 0
      ctime7: 0
      atime0: 0
      atime1: 65535
      atime2: 0
      atime3: 0
      atime4: 0
      atime5: 0
      atime6: 0
      atime7: 0
      m_Mode: 0
      m_NumColorKeys: 2
      m_NumAlphaKeys: 2
    numCornerVertices: 5
    numCapVertices: 0
    alignment: 0
    textureMode: 0
    shadowBias: 0.5
    generateLightingData: 0
  m_UseWorldSpace: 0
  m_Loop: 0
--- !u!1 &6156771142714110316
GameObject:
  m_ObjectHideFlags: 0
  m_CorrespondingSourceObject: {fileID: 0}
  m_PrefabInstance: {fileID: 0}
  m_PrefabAsset: {fileID: 0}
  serializedVersion: 6
  m_Component:
  - component: {fileID: 53934434347981405}
  - component: {fileID: 5521828825085964326}
  m_Layer: 0
  m_Name: CoinSpawn (2)
  m_TagString: Untagged
  m_Icon: {fileID: 5721338939258241955, guid: 0000000000000000d000000000000000, type: 0}
  m_NavMeshLayer: 0
  m_StaticEditorFlags: 0
  m_IsActive: 1
--- !u!4 &53934434347981405
Transform:
  m_ObjectHideFlags: 0
  m_CorrespondingSourceObject: {fileID: 0}
  m_PrefabInstance: {fileID: 0}
  m_PrefabAsset: {fileID: 0}
  m_GameObject: {fileID: 6156771142714110316}
  m_LocalRotation: {x: -0, y: -0, z: -0, w: 1}
  m_LocalPosition: {x: 3.5, y: 21.25, z: 0}
  m_LocalScale: {x: 1, y: 1, z: 1}
  m_Children: []
  m_Father: {fileID: 3848103952352888077}
  m_RootOrder: 2
  m_LocalEulerAnglesHint: {x: 0, y: 0, z: 0}
--- !u!114 &5521828825085964326
MonoBehaviour:
  m_ObjectHideFlags: 0
  m_CorrespondingSourceObject: {fileID: 0}
  m_PrefabInstance: {fileID: 0}
  m_PrefabAsset: {fileID: 0}
  m_GameObject: {fileID: 6156771142714110316}
  m_Enabled: 1
  m_EditorHideFlags: 0
  m_Script: {fileID: 11500000, guid: 72fa6d55be0c82b459aaf379927f7763, type: 3}
  m_Name: 
  m_EditorClassIdentifier: 
--- !u!1 &6998591454981633520
GameObject:
  m_ObjectHideFlags: 0
  m_CorrespondingSourceObject: {fileID: 0}
  m_PrefabInstance: {fileID: 0}
  m_PrefabAsset: {fileID: 0}
  serializedVersion: 6
  m_Component:
  - component: {fileID: 577031109683129626}
  m_Layer: 0
  m_Name: GameObject
  m_TagString: Untagged
  m_Icon: {fileID: 0}
  m_NavMeshLayer: 0
  m_StaticEditorFlags: 0
  m_IsActive: 1
--- !u!4 &577031109683129626
Transform:
  m_ObjectHideFlags: 0
  m_CorrespondingSourceObject: {fileID: 0}
  m_PrefabInstance: {fileID: 0}
  m_PrefabAsset: {fileID: 0}
  m_GameObject: {fileID: 6998591454981633520}
  m_LocalRotation: {x: 0, y: 0, z: 0, w: 1}
  m_LocalPosition: {x: 0, y: 0, z: 0}
  m_LocalScale: {x: 1, y: 1, z: 1}
  m_Children: []
  m_Father: {fileID: 3996792079070829405}
  m_RootOrder: 0
  m_LocalEulerAnglesHint: {x: 0, y: 0, z: 0}
--- !u!1 &9168447177573903911
GameObject:
  m_ObjectHideFlags: 0
  m_CorrespondingSourceObject: {fileID: 0}
  m_PrefabInstance: {fileID: 0}
  m_PrefabAsset: {fileID: 0}
  serializedVersion: 6
  m_Component:
  - component: {fileID: 179232698827398561}
  m_Layer: 0
  m_Name: New Game Object
  m_TagString: Untagged
  m_Icon: {fileID: 0}
  m_NavMeshLayer: 0
  m_StaticEditorFlags: 0
  m_IsActive: 1
--- !u!4 &179232698827398561
Transform:
  m_ObjectHideFlags: 0
  m_CorrespondingSourceObject: {fileID: 0}
  m_PrefabInstance: {fileID: 0}
  m_PrefabAsset: {fileID: 0}
  m_GameObject: {fileID: 9168447177573903911}
  m_LocalRotation: {x: -0, y: -0, z: -0, w: 1}
  m_LocalPosition: {x: 0, y: 0, z: 0}
  m_LocalScale: {x: 1, y: 1, z: 1}
  m_Children: []
  m_Father: {fileID: 6534892501011017661}
  m_RootOrder: 1
  m_LocalEulerAnglesHint: {x: 0, y: 0, z: 0}
--- !u!1001 &327971502519431319
PrefabInstance:
  m_ObjectHideFlags: 0
  serializedVersion: 2
  m_Modification:
    m_TransformParent: {fileID: 7741759407481943346}
    m_Modifications:
    - target: {fileID: 8909895302636249009, guid: dae74c273552586408340ff41550c5ef,
        type: 3}
      propertyPath: m_Name
      value: Platform_Swap (12)
      objectReference: {fileID: 0}
    - target: {fileID: 2760926529371166620, guid: dae74c273552586408340ff41550c5ef,
        type: 3}
      propertyPath: m_LocalPosition.x
      value: -3.125
      objectReference: {fileID: 0}
    - target: {fileID: 2760926529371166620, guid: dae74c273552586408340ff41550c5ef,
        type: 3}
      propertyPath: m_LocalPosition.y
      value: 13.222
      objectReference: {fileID: 0}
    - target: {fileID: 2760926529371166620, guid: dae74c273552586408340ff41550c5ef,
        type: 3}
      propertyPath: m_LocalPosition.z
      value: 0
      objectReference: {fileID: 0}
    - target: {fileID: 2760926529371166620, guid: dae74c273552586408340ff41550c5ef,
        type: 3}
      propertyPath: m_LocalRotation.x
      value: -0
      objectReference: {fileID: 0}
    - target: {fileID: 2760926529371166620, guid: dae74c273552586408340ff41550c5ef,
        type: 3}
      propertyPath: m_LocalRotation.y
      value: -0
      objectReference: {fileID: 0}
    - target: {fileID: 2760926529371166620, guid: dae74c273552586408340ff41550c5ef,
        type: 3}
      propertyPath: m_LocalRotation.z
      value: -0
      objectReference: {fileID: 0}
    - target: {fileID: 2760926529371166620, guid: dae74c273552586408340ff41550c5ef,
        type: 3}
      propertyPath: m_LocalRotation.w
      value: 1
      objectReference: {fileID: 0}
    - target: {fileID: 2760926529371166620, guid: dae74c273552586408340ff41550c5ef,
        type: 3}
      propertyPath: m_RootOrder
      value: 3
      objectReference: {fileID: 0}
    - target: {fileID: 2760926529371166620, guid: dae74c273552586408340ff41550c5ef,
        type: 3}
      propertyPath: m_LocalEulerAnglesHint.x
      value: 0
      objectReference: {fileID: 0}
    - target: {fileID: 2760926529371166620, guid: dae74c273552586408340ff41550c5ef,
        type: 3}
      propertyPath: m_LocalEulerAnglesHint.y
      value: 0
      objectReference: {fileID: 0}
    - target: {fileID: 2760926529371166620, guid: dae74c273552586408340ff41550c5ef,
        type: 3}
      propertyPath: m_LocalEulerAnglesHint.z
      value: 0
      objectReference: {fileID: 0}
    - target: {fileID: 2577019322299520540, guid: dae74c273552586408340ff41550c5ef,
        type: 3}
      propertyPath: m_Size.x
      value: 6.25
      objectReference: {fileID: 0}
    - target: {fileID: 907108769095074511, guid: dae74c273552586408340ff41550c5ef,
        type: 3}
      propertyPath: m_SpriteTilingProperty.newSize.x
      value: 6.25
      objectReference: {fileID: 0}
    m_RemovedComponents: []
  m_SourcePrefab: {fileID: 100100000, guid: dae74c273552586408340ff41550c5ef, type: 3}
--- !u!1001 &989745148725189056
PrefabInstance:
  m_ObjectHideFlags: 0
  serializedVersion: 2
  m_Modification:
    m_TransformParent: {fileID: 7741759407481943346}
    m_Modifications:
    - target: {fileID: 8909895302636249009, guid: dae74c273552586408340ff41550c5ef,
        type: 3}
      propertyPath: m_Name
      value: Platform_Swap (13)
      objectReference: {fileID: 0}
    - target: {fileID: 2760926529371166620, guid: dae74c273552586408340ff41550c5ef,
        type: 3}
      propertyPath: m_LocalPosition.x
      value: 3.13
      objectReference: {fileID: 0}
    - target: {fileID: 2760926529371166620, guid: dae74c273552586408340ff41550c5ef,
        type: 3}
      propertyPath: m_LocalPosition.y
      value: 13.222
      objectReference: {fileID: 0}
    - target: {fileID: 2760926529371166620, guid: dae74c273552586408340ff41550c5ef,
        type: 3}
      propertyPath: m_LocalPosition.z
      value: 0
      objectReference: {fileID: 0}
    - target: {fileID: 2760926529371166620, guid: dae74c273552586408340ff41550c5ef,
        type: 3}
      propertyPath: m_LocalRotation.x
      value: -0
      objectReference: {fileID: 0}
    - target: {fileID: 2760926529371166620, guid: dae74c273552586408340ff41550c5ef,
        type: 3}
      propertyPath: m_LocalRotation.y
      value: -0
      objectReference: {fileID: 0}
    - target: {fileID: 2760926529371166620, guid: dae74c273552586408340ff41550c5ef,
        type: 3}
      propertyPath: m_LocalRotation.z
      value: -0
      objectReference: {fileID: 0}
    - target: {fileID: 2760926529371166620, guid: dae74c273552586408340ff41550c5ef,
        type: 3}
      propertyPath: m_LocalRotation.w
      value: 1
      objectReference: {fileID: 0}
    - target: {fileID: 2760926529371166620, guid: dae74c273552586408340ff41550c5ef,
        type: 3}
      propertyPath: m_RootOrder
      value: 4
      objectReference: {fileID: 0}
    - target: {fileID: 2760926529371166620, guid: dae74c273552586408340ff41550c5ef,
        type: 3}
      propertyPath: m_LocalEulerAnglesHint.x
      value: 0
      objectReference: {fileID: 0}
    - target: {fileID: 2760926529371166620, guid: dae74c273552586408340ff41550c5ef,
        type: 3}
      propertyPath: m_LocalEulerAnglesHint.y
      value: 0
      objectReference: {fileID: 0}
    - target: {fileID: 2760926529371166620, guid: dae74c273552586408340ff41550c5ef,
        type: 3}
      propertyPath: m_LocalEulerAnglesHint.z
      value: 0
      objectReference: {fileID: 0}
    - target: {fileID: 3009350850400174952, guid: dae74c273552586408340ff41550c5ef,
        type: 3}
      propertyPath: startActive
      value: 0
      objectReference: {fileID: 0}
    - target: {fileID: 2577019322299520540, guid: dae74c273552586408340ff41550c5ef,
        type: 3}
      propertyPath: m_Size.x
      value: 6.25
      objectReference: {fileID: 0}
    - target: {fileID: 2577019322299520540, guid: dae74c273552586408340ff41550c5ef,
        type: 3}
      propertyPath: m_Color.a
      value: 0.2
      objectReference: {fileID: 0}
    - target: {fileID: 907108769095074511, guid: dae74c273552586408340ff41550c5ef,
        type: 3}
      propertyPath: m_SpriteTilingProperty.newSize.x
      value: 6.25
      objectReference: {fileID: 0}
    m_RemovedComponents: []
  m_SourcePrefab: {fileID: 100100000, guid: dae74c273552586408340ff41550c5ef, type: 3}
--- !u!1001 &1065236162385195347
PrefabInstance:
  m_ObjectHideFlags: 0
  serializedVersion: 2
  m_Modification:
    m_TransformParent: {fileID: 0}
    m_Modifications:
    - target: {fileID: 5283026989369964200, guid: 2da8bd84b59ae214a9a27648cfbd8fd9,
        type: 3}
      propertyPath: m_Name
      value: Module_D2_N88__Platform_SwapPlatform
      objectReference: {fileID: 0}
    - target: {fileID: 257313602812733186, guid: 2da8bd84b59ae214a9a27648cfbd8fd9,
        type: 3}
      propertyPath: tags.Array.size
      value: 2
      objectReference: {fileID: 0}
    - target: {fileID: 257313602812733186, guid: 2da8bd84b59ae214a9a27648cfbd8fd9,
        type: 3}
      propertyPath: tags.Array.data[1]
      value: 
      objectReference: {fileID: 11400000, guid: 796cde9780acf274dbb923064a30257d,
        type: 2}
    - target: {fileID: 257313602812733186, guid: 2da8bd84b59ae214a9a27648cfbd8fd9,
        type: 3}
      propertyPath: tags.Array.data[2]
      value: 
      objectReference: {fileID: 11400000, guid: e6c12d85c03a92d468283d6a95565c50,
        type: 2}
    - target: {fileID: 257313602812733186, guid: 2da8bd84b59ae214a9a27648cfbd8fd9,
        type: 3}
      propertyPath: tags.Array.data[3]
      value: 
      objectReference: {fileID: 11400000, guid: a6e0fd6b23d81d44b890de8ebedc8f8d,
        type: 2}
    - target: {fileID: 257313602812733186, guid: 2da8bd84b59ae214a9a27648cfbd8fd9,
        type: 3}
      propertyPath: tags.Array.data[4]
      value: 
      objectReference: {fileID: 11400000, guid: 040e450ad610b5845ba683a0fa56b7f2,
        type: 2}
    - target: {fileID: 1988994009404027310, guid: 2da8bd84b59ae214a9a27648cfbd8fd9,
        type: 3}
      propertyPath: coinSpawnPoints.Array.size
      value: 3
      objectReference: {fileID: 0}
    - target: {fileID: 1988994009404027310, guid: 2da8bd84b59ae214a9a27648cfbd8fd9,
        type: 3}
      propertyPath: checkpointsPoints.Array.size
      value: 1
      objectReference: {fileID: 0}
    - target: {fileID: 1988994009404027310, guid: 2da8bd84b59ae214a9a27648cfbd8fd9,
        type: 3}
      propertyPath: coinSpawnPoints.Array.data[1]
      value: 
      objectReference: {fileID: 7241234211139648621}
    - target: {fileID: 1988994009404027310, guid: 2da8bd84b59ae214a9a27648cfbd8fd9,
        type: 3}
      propertyPath: coinSpawnPoints.Array.data[2]
      value: 
      objectReference: {fileID: 53934434347981405}
    - target: {fileID: 1988994009404027310, guid: 2da8bd84b59ae214a9a27648cfbd8fd9,
        type: 3}
      propertyPath: moduleHeight
      value: 33.999996
      objectReference: {fileID: 0}
    - target: {fileID: 1988994009404027310, guid: 2da8bd84b59ae214a9a27648cfbd8fd9,
        type: 3}
      propertyPath: checkpointsPoints.Array.data[1]
      value: 
      objectReference: {fileID: 0}
    - target: {fileID: 1988994009404027310, guid: 2da8bd84b59ae214a9a27648cfbd8fd9,
        type: 3}
      propertyPath: checkpointsPoints.Array.data[2]
      value: 
      objectReference: {fileID: 0}
    - target: {fileID: 1988994009404027310, guid: 2da8bd84b59ae214a9a27648cfbd8fd9,
        type: 3}
      propertyPath: checkpointsPoints.Array.data[3]
      value: 
      objectReference: {fileID: 0}
    - target: {fileID: 1988994009404027310, guid: 2da8bd84b59ae214a9a27648cfbd8fd9,
        type: 3}
      propertyPath: checkpointsPoints.Array.data[4]
      value: 
      objectReference: {fileID: 0}
    - target: {fileID: 1988994009404027310, guid: 2da8bd84b59ae214a9a27648cfbd8fd9,
        type: 3}
      propertyPath: checkpointsPoints.Array.data[5]
      value: 
      objectReference: {fileID: 0}
    - target: {fileID: 1988994009404027310, guid: 2da8bd84b59ae214a9a27648cfbd8fd9,
        type: 3}
      propertyPath: difficulty
      value: 3
      objectReference: {fileID: 0}
    - target: {fileID: 1988994009404027310, guid: 2da8bd84b59ae214a9a27648cfbd8fd9,
        type: 3}
      propertyPath: coinSpawnPoints.Array.data[3]
      value: 
      objectReference: {fileID: 0}
    - target: {fileID: 1988994009404027310, guid: 2da8bd84b59ae214a9a27648cfbd8fd9,
        type: 3}
      propertyPath: coinSpawnPoints.Array.data[4]
      value: 
      objectReference: {fileID: 0}
    - target: {fileID: 1988994009404027310, guid: 2da8bd84b59ae214a9a27648cfbd8fd9,
        type: 3}
      propertyPath: coinSpawnPoints.Array.data[5]
      value: 
      objectReference: {fileID: 0}
    - target: {fileID: 1988994009404027310, guid: 2da8bd84b59ae214a9a27648cfbd8fd9,
        type: 3}
      propertyPath: blockedByCoins
      value: 1
      objectReference: {fileID: 0}
    - target: {fileID: 6133407557284447420, guid: 2da8bd84b59ae214a9a27648cfbd8fd9,
        type: 3}
      propertyPath: m_LocalPosition.x
      value: 0
      objectReference: {fileID: 0}
    - target: {fileID: 6133407557284447420, guid: 2da8bd84b59ae214a9a27648cfbd8fd9,
        type: 3}
      propertyPath: m_LocalPosition.y
      value: 0
      objectReference: {fileID: 0}
    - target: {fileID: 6133407557284447420, guid: 2da8bd84b59ae214a9a27648cfbd8fd9,
        type: 3}
      propertyPath: m_LocalPosition.z
      value: 0
      objectReference: {fileID: 0}
    - target: {fileID: 6133407557284447420, guid: 2da8bd84b59ae214a9a27648cfbd8fd9,
        type: 3}
      propertyPath: m_LocalRotation.x
      value: 0
      objectReference: {fileID: 0}
    - target: {fileID: 6133407557284447420, guid: 2da8bd84b59ae214a9a27648cfbd8fd9,
        type: 3}
      propertyPath: m_LocalRotation.y
      value: 0
      objectReference: {fileID: 0}
    - target: {fileID: 6133407557284447420, guid: 2da8bd84b59ae214a9a27648cfbd8fd9,
        type: 3}
      propertyPath: m_LocalRotation.z
      value: 0
      objectReference: {fileID: 0}
    - target: {fileID: 6133407557284447420, guid: 2da8bd84b59ae214a9a27648cfbd8fd9,
        type: 3}
      propertyPath: m_LocalRotation.w
      value: 1
      objectReference: {fileID: 0}
    - target: {fileID: 6133407557284447420, guid: 2da8bd84b59ae214a9a27648cfbd8fd9,
        type: 3}
      propertyPath: m_RootOrder
      value: 0
      objectReference: {fileID: 0}
    - target: {fileID: 6133407557284447420, guid: 2da8bd84b59ae214a9a27648cfbd8fd9,
        type: 3}
      propertyPath: m_LocalEulerAnglesHint.x
      value: 0
      objectReference: {fileID: 0}
    - target: {fileID: 6133407557284447420, guid: 2da8bd84b59ae214a9a27648cfbd8fd9,
        type: 3}
      propertyPath: m_LocalEulerAnglesHint.y
      value: 0
      objectReference: {fileID: 0}
    - target: {fileID: 6133407557284447420, guid: 2da8bd84b59ae214a9a27648cfbd8fd9,
        type: 3}
      propertyPath: m_LocalEulerAnglesHint.z
      value: 0
      objectReference: {fileID: 0}
    - target: {fileID: 6965519556297086995, guid: 2da8bd84b59ae214a9a27648cfbd8fd9,
        type: 3}
      propertyPath: exits.Array.data[0]
      value: 1
      objectReference: {fileID: 0}
    - target: {fileID: 6965519556297086995, guid: 2da8bd84b59ae214a9a27648cfbd8fd9,
        type: 3}
      propertyPath: exits.Array.data[1]
      value: 1
      objectReference: {fileID: 0}
    - target: {fileID: 6965519556297086995, guid: 2da8bd84b59ae214a9a27648cfbd8fd9,
        type: 3}
      propertyPath: entrances.Array.data[0]
      value: 1
      objectReference: {fileID: 0}
    - target: {fileID: 6965519556297086995, guid: 2da8bd84b59ae214a9a27648cfbd8fd9,
        type: 3}
      propertyPath: entrances.Array.data[1]
      value: 1
      objectReference: {fileID: 0}
    - target: {fileID: 6965519556297086995, guid: 2da8bd84b59ae214a9a27648cfbd8fd9,
        type: 3}
      propertyPath: gateHeight
      value: 1
      objectReference: {fileID: 0}
    - target: {fileID: 6965519556297086995, guid: 2da8bd84b59ae214a9a27648cfbd8fd9,
        type: 3}
      propertyPath: exits.Array.data[2]
      value: 1
      objectReference: {fileID: 0}
    - target: {fileID: 6965519556297086995, guid: 2da8bd84b59ae214a9a27648cfbd8fd9,
        type: 3}
      propertyPath: entrances.Array.data[2]
      value: 1
      objectReference: {fileID: 0}
    - target: {fileID: 271974000785771651, guid: 2da8bd84b59ae214a9a27648cfbd8fd9,
        type: 3}
      propertyPath: m_LocalPosition.y
      value: 10.25
      objectReference: {fileID: 0}
    - target: {fileID: 271974000785771651, guid: 2da8bd84b59ae214a9a27648cfbd8fd9,
        type: 3}
      propertyPath: m_LocalPosition.x
      value: 3.25
      objectReference: {fileID: 0}
    - target: {fileID: 3384148382625919976, guid: 2da8bd84b59ae214a9a27648cfbd8fd9,
        type: 3}
      propertyPath: m_Size.y
      value: 0.25
      objectReference: {fileID: 0}
    - target: {fileID: 3384148382625919976, guid: 2da8bd84b59ae214a9a27648cfbd8fd9,
        type: 3}
      propertyPath: m_Size.x
      value: 3.9166665
      objectReference: {fileID: 0}
    - target: {fileID: 3452351649356049477, guid: 2da8bd84b59ae214a9a27648cfbd8fd9,
        type: 3}
      propertyPath: m_Size.y
      value: 0.25
      objectReference: {fileID: 0}
    - target: {fileID: 3452351649356049477, guid: 2da8bd84b59ae214a9a27648cfbd8fd9,
        type: 3}
      propertyPath: m_Size.x
      value: 3.9166665
      objectReference: {fileID: 0}
    - target: {fileID: 4300740338812449886, guid: 2da8bd84b59ae214a9a27648cfbd8fd9,
        type: 3}
      propertyPath: m_RootOrder
      value: 2
      objectReference: {fileID: 0}
    - target: {fileID: 4300740338812449886, guid: 2da8bd84b59ae214a9a27648cfbd8fd9,
        type: 3}
      propertyPath: m_LocalPosition.y
      value: 6.2587843
      objectReference: {fileID: 0}
    - target: {fileID: 5410072982745533799, guid: 2da8bd84b59ae214a9a27648cfbd8fd9,
        type: 3}
      propertyPath: m_LocalPosition.y
      value: 0
      objectReference: {fileID: 0}
    - target: {fileID: 6305047697111257453, guid: 2da8bd84b59ae214a9a27648cfbd8fd9,
        type: 3}
      propertyPath: bounds.m_Extent.y
      value: 12.35
      objectReference: {fileID: 0}
    - target: {fileID: 6305047697111257453, guid: 2da8bd84b59ae214a9a27648cfbd8fd9,
        type: 3}
      propertyPath: bounds.m_Center.y
      value: 12.35
      objectReference: {fileID: 0}
    - target: {fileID: 6086862004868259552, guid: 2da8bd84b59ae214a9a27648cfbd8fd9,
        type: 3}
      propertyPath: lineRenderers.Array.size
      value: 2
      objectReference: {fileID: 0}
    - target: {fileID: 6086862004868259552, guid: 2da8bd84b59ae214a9a27648cfbd8fd9,
        type: 3}
      propertyPath: lineRenderers.Array.data[0]
      value: 
      objectReference: {fileID: 1185391909656446469}
    - target: {fileID: 6086862004868259552, guid: 2da8bd84b59ae214a9a27648cfbd8fd9,
        type: 3}
      propertyPath: lineRenderers.Array.data[1]
      value: 
      objectReference: {fileID: 7925700288037127728}
    - target: {fileID: 6086862004868259552, guid: 2da8bd84b59ae214a9a27648cfbd8fd9,
        type: 3}
      propertyPath: lineRenderers.Array.data[2]
      value: 
      objectReference: {fileID: 0}
    - target: {fileID: 6086862004868259552, guid: 2da8bd84b59ae214a9a27648cfbd8fd9,
        type: 3}
      propertyPath: lineRenderers.Array.data[3]
      value: 
      objectReference: {fileID: 0}
    - target: {fileID: 7748877989398552172, guid: 2da8bd84b59ae214a9a27648cfbd8fd9,
        type: 3}
      propertyPath: m_Size.y
      value: 0.25
      objectReference: {fileID: 0}
    - target: {fileID: 7748877989398552172, guid: 2da8bd84b59ae214a9a27648cfbd8fd9,
        type: 3}
      propertyPath: m_Size.x
      value: 3.9166665
      objectReference: {fileID: 0}
    - target: {fileID: 7266742054102463878, guid: 2da8bd84b59ae214a9a27648cfbd8fd9,
        type: 3}
      propertyPath: m_Size.y
      value: 0.25
      objectReference: {fileID: 0}
    - target: {fileID: 7266742054102463878, guid: 2da8bd84b59ae214a9a27648cfbd8fd9,
        type: 3}
      propertyPath: m_Size.x
      value: 3.9166665
      objectReference: {fileID: 0}
    - target: {fileID: 7329673868436653153, guid: 2da8bd84b59ae214a9a27648cfbd8fd9,
        type: 3}
      propertyPath: m_LocalPosition.y
      value: 0
      objectReference: {fileID: 0}
    - target: {fileID: 8924940155185061171, guid: 2da8bd84b59ae214a9a27648cfbd8fd9,
        type: 3}
      propertyPath: m_Size.y
      value: 0.25
      objectReference: {fileID: 0}
    - target: {fileID: 8924940155185061171, guid: 2da8bd84b59ae214a9a27648cfbd8fd9,
        type: 3}
      propertyPath: m_Size.x
      value: 3.9166665
      objectReference: {fileID: 0}
    - target: {fileID: 8140945441881870758, guid: 2da8bd84b59ae214a9a27648cfbd8fd9,
        type: 3}
      propertyPath: m_Size.y
      value: 0.25
      objectReference: {fileID: 0}
    - target: {fileID: 8140945441881870758, guid: 2da8bd84b59ae214a9a27648cfbd8fd9,
        type: 3}
      propertyPath: m_Size.x
      value: 3.9166665
      objectReference: {fileID: 0}
    - target: {fileID: 1403181435142272207, guid: 2da8bd84b59ae214a9a27648cfbd8fd9,
        type: 3}
      propertyPath: m_LocalPosition.y
      value: 17
      objectReference: {fileID: 0}
    - target: {fileID: 1403181435142272207, guid: 2da8bd84b59ae214a9a27648cfbd8fd9,
        type: 3}
      propertyPath: m_LocalPosition.x
      value: 7.75
      objectReference: {fileID: 0}
    - target: {fileID: 2457017947174396094, guid: 2da8bd84b59ae214a9a27648cfbd8fd9,
        type: 3}
      propertyPath: m_LocalPosition.y
      value: 17
      objectReference: {fileID: 0}
    - target: {fileID: 2457017947174396094, guid: 2da8bd84b59ae214a9a27648cfbd8fd9,
        type: 3}
      propertyPath: m_LocalPosition.x
      value: -7.75
      objectReference: {fileID: 0}
    - target: {fileID: 3924545098802868901, guid: 2da8bd84b59ae214a9a27648cfbd8fd9,
        type: 3}
      propertyPath: m_LocalPosition.y
      value: 23.649996
      objectReference: {fileID: 0}
    - target: {fileID: 3924545098802868901, guid: 2da8bd84b59ae214a9a27648cfbd8fd9,
        type: 3}
      propertyPath: m_LocalPosition.x
      value: -0.00000047683716
      objectReference: {fileID: 0}
    - target: {fileID: 5600551348066909363, guid: 2da8bd84b59ae214a9a27648cfbd8fd9,
        type: 3}
      propertyPath: m_LocalPosition.y
      value: 23.649996
      objectReference: {fileID: 0}
    - target: {fileID: 5600551348066909363, guid: 2da8bd84b59ae214a9a27648cfbd8fd9,
        type: 3}
      propertyPath: m_LocalPosition.x
      value: -4.666667
      objectReference: {fileID: 0}
    - target: {fileID: 6314319615969089397, guid: 2da8bd84b59ae214a9a27648cfbd8fd9,
        type: 3}
      propertyPath: m_IsActive
      value: 1
      objectReference: {fileID: 0}
    - target: {fileID: 6086862004868259565, guid: 2da8bd84b59ae214a9a27648cfbd8fd9,
        type: 3}
      propertyPath: m_IsActive
      value: 1
      objectReference: {fileID: 0}
    - target: {fileID: 6086862003929260630, guid: 2da8bd84b59ae214a9a27648cfbd8fd9,
        type: 3}
      propertyPath: m_LocalPosition.y
      value: 0
      objectReference: {fileID: 0}
    - target: {fileID: 6086862003929260630, guid: 2da8bd84b59ae214a9a27648cfbd8fd9,
        type: 3}
      propertyPath: m_LocalPosition.z
      value: -0.1
      objectReference: {fileID: 0}
    - target: {fileID: 7961142355010860864, guid: 2da8bd84b59ae214a9a27648cfbd8fd9,
        type: 3}
      propertyPath: m_LocalPosition.y
      value: -9.35
      objectReference: {fileID: 0}
    - target: {fileID: 7961142355010860864, guid: 2da8bd84b59ae214a9a27648cfbd8fd9,
        type: 3}
      propertyPath: m_LocalPosition.x
      value: -4.666667
      objectReference: {fileID: 0}
    - target: {fileID: 7933516675562778912, guid: 2da8bd84b59ae214a9a27648cfbd8fd9,
        type: 3}
      propertyPath: m_LocalPosition.y
      value: -9.35
      objectReference: {fileID: 0}
    - target: {fileID: 7933516675562778912, guid: 2da8bd84b59ae214a9a27648cfbd8fd9,
        type: 3}
      propertyPath: m_LocalPosition.x
      value: 4.666666
      objectReference: {fileID: 0}
    - target: {fileID: 7684353289270364937, guid: 2da8bd84b59ae214a9a27648cfbd8fd9,
        type: 3}
      propertyPath: m_LocalPosition.y
      value: -9.35
      objectReference: {fileID: 0}
    - target: {fileID: 7684353289270364937, guid: 2da8bd84b59ae214a9a27648cfbd8fd9,
        type: 3}
      propertyPath: m_LocalPosition.x
      value: -0.00000047683716
      objectReference: {fileID: 0}
    - target: {fileID: 8271285240381145496, guid: 2da8bd84b59ae214a9a27648cfbd8fd9,
        type: 3}
      propertyPath: m_LocalPosition.y
      value: 23.649996
      objectReference: {fileID: 0}
    - target: {fileID: 8271285240381145496, guid: 2da8bd84b59ae214a9a27648cfbd8fd9,
        type: 3}
      propertyPath: m_LocalPosition.x
      value: 4.666666
      objectReference: {fileID: 0}
    - target: {fileID: 1651338319670687055, guid: 2da8bd84b59ae214a9a27648cfbd8fd9,
        type: 3}
      propertyPath: m_Size.y
      value: 34
      objectReference: {fileID: 0}
    - target: {fileID: 2849289453647896894, guid: 2da8bd84b59ae214a9a27648cfbd8fd9,
        type: 3}
      propertyPath: m_Size.y
      value: 34
      objectReference: {fileID: 0}
    - target: {fileID: 639351015212447213, guid: 2da8bd84b59ae214a9a27648cfbd8fd9,
        type: 3}
      propertyPath: m_SpriteTilingProperty.newSize.y
      value: 34
      objectReference: {fileID: 0}
    - target: {fileID: 4161150712803287452, guid: 2da8bd84b59ae214a9a27648cfbd8fd9,
        type: 3}
      propertyPath: m_SpriteTilingProperty.newSize.y
      value: 34
      objectReference: {fileID: 0}
    - target: {fileID: 6086862003929260650, guid: 2da8bd84b59ae214a9a27648cfbd8fd9,
        type: 3}
      propertyPath: m_Mesh
      value: 
      objectReference: {fileID: 4300000, guid: 71a78777f52ee0c40aa283f2809aee82, type: 2}
    - target: {fileID: 7224806519461473941, guid: 2da8bd84b59ae214a9a27648cfbd8fd9,
        type: 3}
      propertyPath: m_RootOrder
      value: 2
      objectReference: {fileID: 0}
    - target: {fileID: 7224806519461473941, guid: 2da8bd84b59ae214a9a27648cfbd8fd9,
        type: 3}
      propertyPath: m_LocalPosition.y
      value: 10.198
      objectReference: {fileID: 0}
    - target: {fileID: 8762535799499097983, guid: 2da8bd84b59ae214a9a27648cfbd8fd9,
        type: 3}
      propertyPath: m_RootOrder
      value: 4
      objectReference: {fileID: 0}
    - target: {fileID: 8762535799499097983, guid: 2da8bd84b59ae214a9a27648cfbd8fd9,
        type: 3}
      propertyPath: m_LocalPosition.y
      value: 10.198
      objectReference: {fileID: 0}
    - target: {fileID: 5086770371380279599, guid: 2da8bd84b59ae214a9a27648cfbd8fd9,
        type: 3}
      propertyPath: m_RootOrder
      value: 5
      objectReference: {fileID: 0}
    - target: {fileID: 5086770371380279599, guid: 2da8bd84b59ae214a9a27648cfbd8fd9,
        type: 3}
      propertyPath: m_LocalPosition.y
      value: 2.198
      objectReference: {fileID: 0}
    - target: {fileID: 4085516417009767903, guid: 2da8bd84b59ae214a9a27648cfbd8fd9,
        type: 3}
      propertyPath: m_RootOrder
      value: 6
      objectReference: {fileID: 0}
    - target: {fileID: 4085516417009767903, guid: 2da8bd84b59ae214a9a27648cfbd8fd9,
        type: 3}
      propertyPath: m_LocalPosition.y
      value: 10.198
      objectReference: {fileID: 0}
    - target: {fileID: 2881111500758719241, guid: 2da8bd84b59ae214a9a27648cfbd8fd9,
        type: 3}
      propertyPath: m_RootOrder
      value: 7
      objectReference: {fileID: 0}
    - target: {fileID: 2881111500758719241, guid: 2da8bd84b59ae214a9a27648cfbd8fd9,
        type: 3}
      propertyPath: m_LocalPosition.y
      value: 11.448
      objectReference: {fileID: 0}
    - target: {fileID: 2129085443969633429, guid: 2da8bd84b59ae214a9a27648cfbd8fd9,
        type: 3}
      propertyPath: m_LocalPosition.y
      value: 17
      objectReference: {fileID: 0}
    - target: {fileID: 6466106737005192088, guid: 2da8bd84b59ae214a9a27648cfbd8fd9,
        type: 3}
      propertyPath: m_RootOrder
      value: 2
      objectReference: {fileID: 0}
    - target: {fileID: 484356583726601267, guid: 2da8bd84b59ae214a9a27648cfbd8fd9,
        type: 3}
      propertyPath: m_RootOrder
      value: 3
      objectReference: {fileID: 0}
    - target: {fileID: 7612789752949347332, guid: 2da8bd84b59ae214a9a27648cfbd8fd9,
        type: 3}
      propertyPath: m_RootOrder
      value: 6
      objectReference: {fileID: 0}
    - target: {fileID: 8686264941693385028, guid: 2da8bd84b59ae214a9a27648cfbd8fd9,
        type: 3}
      propertyPath: m_RootOrder
      value: 7
      objectReference: {fileID: 0}
    m_RemovedComponents: []
  m_SourcePrefab: {fileID: 100100000, guid: 2da8bd84b59ae214a9a27648cfbd8fd9, type: 3}
--- !u!4 &6534892501011017661 stripped
Transform:
  m_CorrespondingSourceObject: {fileID: 6086862004868259566, guid: 2da8bd84b59ae214a9a27648cfbd8fd9,
    type: 3}
  m_PrefabInstance: {fileID: 1065236162385195347}
  m_PrefabAsset: {fileID: 0}
--- !u!4 &1043039271441947154 stripped
Transform:
  m_CorrespondingSourceObject: {fileID: 50071852840315713, guid: 2da8bd84b59ae214a9a27648cfbd8fd9,
    type: 3}
  m_PrefabInstance: {fileID: 1065236162385195347}
  m_PrefabAsset: {fileID: 0}
--- !u!4 &3848103952352888077 stripped
Transform:
  m_CorrespondingSourceObject: {fileID: 4300740338812449886, guid: 2da8bd84b59ae214a9a27648cfbd8fd9,
    type: 3}
  m_PrefabInstance: {fileID: 1065236162385195347}
  m_PrefabAsset: {fileID: 0}
--- !u!4 &7741759407481943346 stripped
Transform:
  m_CorrespondingSourceObject: {fileID: 7329673868436653153, guid: 2da8bd84b59ae214a9a27648cfbd8fd9,
    type: 3}
  m_PrefabInstance: {fileID: 1065236162385195347}
  m_PrefabAsset: {fileID: 0}
--- !u!1001 &2340797393675043653
PrefabInstance:
  m_ObjectHideFlags: 0
  serializedVersion: 2
  m_Modification:
    m_TransformParent: {fileID: 7741759407481943346}
    m_Modifications:
    - target: {fileID: 8909895302636249009, guid: dae74c273552586408340ff41550c5ef,
        type: 3}
      propertyPath: m_Name
      value: Platform_Swap (15)
      objectReference: {fileID: 0}
    - target: {fileID: 2760926529371166620, guid: dae74c273552586408340ff41550c5ef,
        type: 3}
      propertyPath: m_LocalPosition.x
      value: -3.1249998
      objectReference: {fileID: 0}
    - target: {fileID: 2760926529371166620, guid: dae74c273552586408340ff41550c5ef,
        type: 3}
      propertyPath: m_LocalPosition.y
      value: 19.471975
      objectReference: {fileID: 0}
    - target: {fileID: 2760926529371166620, guid: dae74c273552586408340ff41550c5ef,
        type: 3}
      propertyPath: m_LocalPosition.z
      value: 0
      objectReference: {fileID: 0}
    - target: {fileID: 2760926529371166620, guid: dae74c273552586408340ff41550c5ef,
        type: 3}
      propertyPath: m_LocalRotation.x
      value: -0
      objectReference: {fileID: 0}
    - target: {fileID: 2760926529371166620, guid: dae74c273552586408340ff41550c5ef,
        type: 3}
      propertyPath: m_LocalRotation.y
      value: -0
      objectReference: {fileID: 0}
    - target: {fileID: 2760926529371166620, guid: dae74c273552586408340ff41550c5ef,
        type: 3}
      propertyPath: m_LocalRotation.z
      value: 1
      objectReference: {fileID: 0}
    - target: {fileID: 2760926529371166620, guid: dae74c273552586408340ff41550c5ef,
        type: 3}
      propertyPath: m_LocalRotation.w
      value: -0.00000004371139
      objectReference: {fileID: 0}
    - target: {fileID: 2760926529371166620, guid: dae74c273552586408340ff41550c5ef,
        type: 3}
      propertyPath: m_RootOrder
      value: 6
      objectReference: {fileID: 0}
    - target: {fileID: 2760926529371166620, guid: dae74c273552586408340ff41550c5ef,
        type: 3}
      propertyPath: m_LocalEulerAnglesHint.x
      value: 0
      objectReference: {fileID: 0}
    - target: {fileID: 2760926529371166620, guid: dae74c273552586408340ff41550c5ef,
        type: 3}
      propertyPath: m_LocalEulerAnglesHint.y
      value: 0
      objectReference: {fileID: 0}
    - target: {fileID: 2760926529371166620, guid: dae74c273552586408340ff41550c5ef,
        type: 3}
      propertyPath: m_LocalEulerAnglesHint.z
      value: -180.00002
      objectReference: {fileID: 0}
    - target: {fileID: 3009350850400174952, guid: dae74c273552586408340ff41550c5ef,
        type: 3}
      propertyPath: startActive
      value: 0
      objectReference: {fileID: 0}
    - target: {fileID: 2577019322299520540, guid: dae74c273552586408340ff41550c5ef,
        type: 3}
      propertyPath: m_Size.x
      value: 6.25
      objectReference: {fileID: 0}
    - target: {fileID: 2577019322299520540, guid: dae74c273552586408340ff41550c5ef,
        type: 3}
      propertyPath: m_Color.a
      value: 0.2
      objectReference: {fileID: 0}
    - target: {fileID: 907108769095074511, guid: dae74c273552586408340ff41550c5ef,
        type: 3}
      propertyPath: m_SpriteTilingProperty.newSize.x
      value: 6.25
      objectReference: {fileID: 0}
    m_RemovedComponents: []
  m_SourcePrefab: {fileID: 100100000, guid: dae74c273552586408340ff41550c5ef, type: 3}
--- !u!1001 &2729221529162228558
PrefabInstance:
  m_ObjectHideFlags: 0
  serializedVersion: 2
  m_Modification:
    m_TransformParent: {fileID: 7741759407481943346}
    m_Modifications:
    - target: {fileID: 8909895302636249009, guid: dae74c273552586408340ff41550c5ef,
        type: 3}
      propertyPath: m_Name
      value: Platform_Swap (14)
      objectReference: {fileID: 0}
    - target: {fileID: 2760926529371166620, guid: dae74c273552586408340ff41550c5ef,
        type: 3}
      propertyPath: m_LocalPosition.x
      value: 3.1299973
      objectReference: {fileID: 0}
    - target: {fileID: 2760926529371166620, guid: dae74c273552586408340ff41550c5ef,
        type: 3}
      propertyPath: m_LocalPosition.y
      value: 19.472
      objectReference: {fileID: 0}
    - target: {fileID: 2760926529371166620, guid: dae74c273552586408340ff41550c5ef,
        type: 3}
      propertyPath: m_LocalPosition.z
      value: 0
      objectReference: {fileID: 0}
    - target: {fileID: 2760926529371166620, guid: dae74c273552586408340ff41550c5ef,
        type: 3}
      propertyPath: m_LocalRotation.x
      value: -0
      objectReference: {fileID: 0}
    - target: {fileID: 2760926529371166620, guid: dae74c273552586408340ff41550c5ef,
        type: 3}
      propertyPath: m_LocalRotation.y
      value: -0
      objectReference: {fileID: 0}
    - target: {fileID: 2760926529371166620, guid: dae74c273552586408340ff41550c5ef,
        type: 3}
      propertyPath: m_LocalRotation.z
      value: 1
      objectReference: {fileID: 0}
    - target: {fileID: 2760926529371166620, guid: dae74c273552586408340ff41550c5ef,
        type: 3}
      propertyPath: m_LocalRotation.w
      value: -0.00000004371139
      objectReference: {fileID: 0}
    - target: {fileID: 2760926529371166620, guid: dae74c273552586408340ff41550c5ef,
        type: 3}
      propertyPath: m_RootOrder
      value: 5
      objectReference: {fileID: 0}
    - target: {fileID: 2760926529371166620, guid: dae74c273552586408340ff41550c5ef,
        type: 3}
      propertyPath: m_LocalEulerAnglesHint.x
      value: 0
      objectReference: {fileID: 0}
    - target: {fileID: 2760926529371166620, guid: dae74c273552586408340ff41550c5ef,
        type: 3}
      propertyPath: m_LocalEulerAnglesHint.y
      value: 0
      objectReference: {fileID: 0}
    - target: {fileID: 2760926529371166620, guid: dae74c273552586408340ff41550c5ef,
        type: 3}
      propertyPath: m_LocalEulerAnglesHint.z
      value: -180.00002
      objectReference: {fileID: 0}
    - target: {fileID: 2577019322299520540, guid: dae74c273552586408340ff41550c5ef,
        type: 3}
      propertyPath: m_Size.x
      value: 6.25
      objectReference: {fileID: 0}
    - target: {fileID: 907108769095074511, guid: dae74c273552586408340ff41550c5ef,
        type: 3}
      propertyPath: m_SpriteTilingProperty.newSize.x
      value: 6.25
      objectReference: {fileID: 0}
    m_RemovedComponents: []
  m_SourcePrefab: {fileID: 100100000, guid: dae74c273552586408340ff41550c5ef, type: 3}
--- !u!1001 &4656365227205839614
PrefabInstance:
  m_ObjectHideFlags: 0
  serializedVersion: 2
  m_Modification:
    m_TransformParent: {fileID: 7741759407481943346}
    m_Modifications:
    - target: {fileID: 8909895302636249009, guid: dae74c273552586408340ff41550c5ef,
        type: 3}
      propertyPath: m_Name
      value: Platform_Swap (19)
      objectReference: {fileID: 0}
    - target: {fileID: 2760926529371166620, guid: dae74c273552586408340ff41550c5ef,
        type: 3}
      propertyPath: m_LocalPosition.x
      value: -3.1249998
      objectReference: {fileID: 0}
    - target: {fileID: 2760926529371166620, guid: dae74c273552586408340ff41550c5ef,
        type: 3}
      propertyPath: m_LocalPosition.y
      value: 29.471975
      objectReference: {fileID: 0}
    - target: {fileID: 2760926529371166620, guid: dae74c273552586408340ff41550c5ef,
        type: 3}
      propertyPath: m_LocalPosition.z
      value: 0
      objectReference: {fileID: 0}
    - target: {fileID: 2760926529371166620, guid: dae74c273552586408340ff41550c5ef,
        type: 3}
      propertyPath: m_LocalRotation.x
      value: -0
      objectReference: {fileID: 0}
    - target: {fileID: 2760926529371166620, guid: dae74c273552586408340ff41550c5ef,
        type: 3}
      propertyPath: m_LocalRotation.y
      value: -0
      objectReference: {fileID: 0}
    - target: {fileID: 2760926529371166620, guid: dae74c273552586408340ff41550c5ef,
        type: 3}
      propertyPath: m_LocalRotation.z
      value: 1
      objectReference: {fileID: 0}
    - target: {fileID: 2760926529371166620, guid: dae74c273552586408340ff41550c5ef,
        type: 3}
      propertyPath: m_LocalRotation.w
      value: -0.00000004371139
      objectReference: {fileID: 0}
    - target: {fileID: 2760926529371166620, guid: dae74c273552586408340ff41550c5ef,
        type: 3}
      propertyPath: m_RootOrder
      value: 10
      objectReference: {fileID: 0}
    - target: {fileID: 2760926529371166620, guid: dae74c273552586408340ff41550c5ef,
        type: 3}
      propertyPath: m_LocalEulerAnglesHint.x
      value: 0
      objectReference: {fileID: 0}
    - target: {fileID: 2760926529371166620, guid: dae74c273552586408340ff41550c5ef,
        type: 3}
      propertyPath: m_LocalEulerAnglesHint.y
      value: 0
      objectReference: {fileID: 0}
    - target: {fileID: 2760926529371166620, guid: dae74c273552586408340ff41550c5ef,
        type: 3}
      propertyPath: m_LocalEulerAnglesHint.z
      value: -180.00002
      objectReference: {fileID: 0}
    - target: {fileID: 3009350850400174952, guid: dae74c273552586408340ff41550c5ef,
        type: 3}
      propertyPath: startActive
      value: 0
      objectReference: {fileID: 0}
    - target: {fileID: 2577019322299520540, guid: dae74c273552586408340ff41550c5ef,
        type: 3}
      propertyPath: m_Size.x
      value: 6.25
      objectReference: {fileID: 0}
    - target: {fileID: 2577019322299520540, guid: dae74c273552586408340ff41550c5ef,
        type: 3}
      propertyPath: m_Color.a
      value: 0.2
      objectReference: {fileID: 0}
    - target: {fileID: 907108769095074511, guid: dae74c273552586408340ff41550c5ef,
        type: 3}
      propertyPath: m_SpriteTilingProperty.newSize.x
      value: 6.25
      objectReference: {fileID: 0}
    m_RemovedComponents: []
  m_SourcePrefab: {fileID: 100100000, guid: dae74c273552586408340ff41550c5ef, type: 3}
--- !u!1001 &6635418129717245907
PrefabInstance:
  m_ObjectHideFlags: 0
  serializedVersion: 2
  m_Modification:
    m_TransformParent: {fileID: 7741759407481943346}
    m_Modifications:
    - target: {fileID: 8909895302636249009, guid: dae74c273552586408340ff41550c5ef,
        type: 3}
      propertyPath: m_Name
      value: Platform_Swap (18)
      objectReference: {fileID: 0}
    - target: {fileID: 2760926529371166620, guid: dae74c273552586408340ff41550c5ef,
        type: 3}
      propertyPath: m_LocalPosition.x
      value: 3.1299973
      objectReference: {fileID: 0}
    - target: {fileID: 2760926529371166620, guid: dae74c273552586408340ff41550c5ef,
        type: 3}
      propertyPath: m_LocalPosition.y
      value: 29.472
      objectReference: {fileID: 0}
    - target: {fileID: 2760926529371166620, guid: dae74c273552586408340ff41550c5ef,
        type: 3}
      propertyPath: m_LocalPosition.z
      value: 0
      objectReference: {fileID: 0}
    - target: {fileID: 2760926529371166620, guid: dae74c273552586408340ff41550c5ef,
        type: 3}
      propertyPath: m_LocalRotation.x
      value: -0
      objectReference: {fileID: 0}
    - target: {fileID: 2760926529371166620, guid: dae74c273552586408340ff41550c5ef,
        type: 3}
      propertyPath: m_LocalRotation.y
      value: -0
      objectReference: {fileID: 0}
    - target: {fileID: 2760926529371166620, guid: dae74c273552586408340ff41550c5ef,
        type: 3}
      propertyPath: m_LocalRotation.z
      value: 1
      objectReference: {fileID: 0}
    - target: {fileID: 2760926529371166620, guid: dae74c273552586408340ff41550c5ef,
        type: 3}
      propertyPath: m_LocalRotation.w
      value: -0.00000004371139
      objectReference: {fileID: 0}
    - target: {fileID: 2760926529371166620, guid: dae74c273552586408340ff41550c5ef,
        type: 3}
      propertyPath: m_RootOrder
      value: 9
      objectReference: {fileID: 0}
    - target: {fileID: 2760926529371166620, guid: dae74c273552586408340ff41550c5ef,
        type: 3}
      propertyPath: m_LocalEulerAnglesHint.x
      value: 0
      objectReference: {fileID: 0}
    - target: {fileID: 2760926529371166620, guid: dae74c273552586408340ff41550c5ef,
        type: 3}
      propertyPath: m_LocalEulerAnglesHint.y
      value: 0
      objectReference: {fileID: 0}
    - target: {fileID: 2760926529371166620, guid: dae74c273552586408340ff41550c5ef,
        type: 3}
      propertyPath: m_LocalEulerAnglesHint.z
      value: -180.00002
      objectReference: {fileID: 0}
    - target: {fileID: 2577019322299520540, guid: dae74c273552586408340ff41550c5ef,
        type: 3}
      propertyPath: m_Size.x
      value: 6.25
      objectReference: {fileID: 0}
    - target: {fileID: 907108769095074511, guid: dae74c273552586408340ff41550c5ef,
        type: 3}
      propertyPath: m_SpriteTilingProperty.newSize.x
      value: 6.25
      objectReference: {fileID: 0}
    m_RemovedComponents: []
  m_SourcePrefab: {fileID: 100100000, guid: dae74c273552586408340ff41550c5ef, type: 3}
--- !u!1001 &8199244477820163661
PrefabInstance:
  m_ObjectHideFlags: 0
  serializedVersion: 2
  m_Modification:
    m_TransformParent: {fileID: 7741759407481943346}
    m_Modifications:
    - target: {fileID: 8909895302636249009, guid: dae74c273552586408340ff41550c5ef,
        type: 3}
      propertyPath: m_Name
      value: Platform_Swap (16)
      objectReference: {fileID: 0}
    - target: {fileID: 2760926529371166620, guid: dae74c273552586408340ff41550c5ef,
        type: 3}
      propertyPath: m_LocalPosition.x
      value: -3.125
      objectReference: {fileID: 0}
    - target: {fileID: 2760926529371166620, guid: dae74c273552586408340ff41550c5ef,
        type: 3}
      propertyPath: m_LocalPosition.y
      value: 24.472
      objectReference: {fileID: 0}
    - target: {fileID: 2760926529371166620, guid: dae74c273552586408340ff41550c5ef,
        type: 3}
      propertyPath: m_LocalPosition.z
      value: 0
      objectReference: {fileID: 0}
    - target: {fileID: 2760926529371166620, guid: dae74c273552586408340ff41550c5ef,
        type: 3}
      propertyPath: m_LocalRotation.x
      value: -0
      objectReference: {fileID: 0}
    - target: {fileID: 2760926529371166620, guid: dae74c273552586408340ff41550c5ef,
        type: 3}
      propertyPath: m_LocalRotation.y
      value: -0
      objectReference: {fileID: 0}
    - target: {fileID: 2760926529371166620, guid: dae74c273552586408340ff41550c5ef,
        type: 3}
      propertyPath: m_LocalRotation.z
      value: -0
      objectReference: {fileID: 0}
    - target: {fileID: 2760926529371166620, guid: dae74c273552586408340ff41550c5ef,
        type: 3}
      propertyPath: m_LocalRotation.w
      value: 1
      objectReference: {fileID: 0}
    - target: {fileID: 2760926529371166620, guid: dae74c273552586408340ff41550c5ef,
        type: 3}
      propertyPath: m_RootOrder
      value: 7
      objectReference: {fileID: 0}
    - target: {fileID: 2760926529371166620, guid: dae74c273552586408340ff41550c5ef,
        type: 3}
      propertyPath: m_LocalEulerAnglesHint.x
      value: 0
      objectReference: {fileID: 0}
    - target: {fileID: 2760926529371166620, guid: dae74c273552586408340ff41550c5ef,
        type: 3}
      propertyPath: m_LocalEulerAnglesHint.y
      value: 0
      objectReference: {fileID: 0}
    - target: {fileID: 2760926529371166620, guid: dae74c273552586408340ff41550c5ef,
        type: 3}
      propertyPath: m_LocalEulerAnglesHint.z
      value: 0
      objectReference: {fileID: 0}
    - target: {fileID: 2577019322299520540, guid: dae74c273552586408340ff41550c5ef,
        type: 3}
      propertyPath: m_Size.x
      value: 6.25
      objectReference: {fileID: 0}
    - target: {fileID: 907108769095074511, guid: dae74c273552586408340ff41550c5ef,
        type: 3}
      propertyPath: m_SpriteTilingProperty.newSize.x
      value: 6.25
      objectReference: {fileID: 0}
    m_RemovedComponents: []
  m_SourcePrefab: {fileID: 100100000, guid: dae74c273552586408340ff41550c5ef, type: 3}
--- !u!1001 &9099080810994743855
PrefabInstance:
  m_ObjectHideFlags: 0
  serializedVersion: 2
  m_Modification:
    m_TransformParent: {fileID: 7741759407481943346}
    m_Modifications:
    - target: {fileID: 8909895302636249009, guid: dae74c273552586408340ff41550c5ef,
        type: 3}
      propertyPath: m_Name
      value: Platform_Swap (17)
      objectReference: {fileID: 0}
    - target: {fileID: 2760926529371166620, guid: dae74c273552586408340ff41550c5ef,
        type: 3}
      propertyPath: m_LocalPosition.x
      value: 3.13
      objectReference: {fileID: 0}
    - target: {fileID: 2760926529371166620, guid: dae74c273552586408340ff41550c5ef,
        type: 3}
      propertyPath: m_LocalPosition.y
      value: 24.472
      objectReference: {fileID: 0}
    - target: {fileID: 2760926529371166620, guid: dae74c273552586408340ff41550c5ef,
        type: 3}
      propertyPath: m_LocalPosition.z
      value: 0
      objectReference: {fileID: 0}
    - target: {fileID: 2760926529371166620, guid: dae74c273552586408340ff41550c5ef,
        type: 3}
      propertyPath: m_LocalRotation.x
      value: -0
      objectReference: {fileID: 0}
    - target: {fileID: 2760926529371166620, guid: dae74c273552586408340ff41550c5ef,
        type: 3}
      propertyPath: m_LocalRotation.y
      value: -0
      objectReference: {fileID: 0}
    - target: {fileID: 2760926529371166620, guid: dae74c273552586408340ff41550c5ef,
        type: 3}
      propertyPath: m_LocalRotation.z
      value: -0
      objectReference: {fileID: 0}
    - target: {fileID: 2760926529371166620, guid: dae74c273552586408340ff41550c5ef,
        type: 3}
      propertyPath: m_LocalRotation.w
      value: 1
      objectReference: {fileID: 0}
    - target: {fileID: 2760926529371166620, guid: dae74c273552586408340ff41550c5ef,
        type: 3}
      propertyPath: m_RootOrder
      value: 8
      objectReference: {fileID: 0}
    - target: {fileID: 2760926529371166620, guid: dae74c273552586408340ff41550c5ef,
        type: 3}
      propertyPath: m_LocalEulerAnglesHint.x
      value: 0
      objectReference: {fileID: 0}
    - target: {fileID: 2760926529371166620, guid: dae74c273552586408340ff41550c5ef,
        type: 3}
      propertyPath: m_LocalEulerAnglesHint.y
      value: 0
      objectReference: {fileID: 0}
    - target: {fileID: 2760926529371166620, guid: dae74c273552586408340ff41550c5ef,
        type: 3}
      propertyPath: m_LocalEulerAnglesHint.z
      value: 0
      objectReference: {fileID: 0}
    - target: {fileID: 3009350850400174952, guid: dae74c273552586408340ff41550c5ef,
        type: 3}
      propertyPath: startActive
      value: 0
      objectReference: {fileID: 0}
    - target: {fileID: 2577019322299520540, guid: dae74c273552586408340ff41550c5ef,
        type: 3}
      propertyPath: m_Size.x
      value: 6.25
      objectReference: {fileID: 0}
    - target: {fileID: 2577019322299520540, guid: dae74c273552586408340ff41550c5ef,
        type: 3}
      propertyPath: m_Color.a
      value: 0.2
      objectReference: {fileID: 0}
    - target: {fileID: 907108769095074511, guid: dae74c273552586408340ff41550c5ef,
        type: 3}
      propertyPath: m_SpriteTilingProperty.newSize.x
      value: 6.25
      objectReference: {fileID: 0}
    m_RemovedComponents: []
  m_SourcePrefab: {fileID: 100100000, guid: dae74c273552586408340ff41550c5ef, type: 3}
