%YAML 1.1
%TAG !u! tag:unity3d.com,2011:
--- !u!1 &568168917428562536
GameObject:
  m_ObjectHideFlags: 0
  m_CorrespondingSourceObject: {fileID: 0}
  m_PrefabInstance: {fileID: 0}
  m_PrefabAsset: {fileID: 0}
  serializedVersion: 6
  m_Component:
  - component: {fileID: 6691621592156657580}
  m_Layer: 0
  m_Name: GameObject
  m_TagString: Untagged
  m_Icon: {fileID: 0}
  m_NavMeshLayer: 0
  m_StaticEditorFlags: 0
  m_IsActive: 1
--- !u!4 &6691621592156657580
Transform:
  m_ObjectHideFlags: 0
  m_CorrespondingSourceObject: {fileID: 0}
  m_PrefabInstance: {fileID: 0}
  m_PrefabAsset: {fileID: 0}
  m_GameObject: {fileID: 568168917428562536}
  m_LocalRotation: {x: 0, y: 0, z: 0, w: 1}
  m_LocalPosition: {x: 0, y: 0, z: 0}
  m_LocalScale: {x: 1, y: 1, z: 1}
  m_Children: []
  m_Father: {fileID: 1547230835382446779}
  m_RootOrder: 0
  m_LocalEulerAnglesHint: {x: 0, y: 0, z: 0}
--- !u!1 &683010724627979625
GameObject:
  m_ObjectHideFlags: 0
  m_CorrespondingSourceObject: {fileID: 0}
  m_PrefabInstance: {fileID: 0}
  m_PrefabAsset: {fileID: 0}
  serializedVersion: 6
  m_Component:
  - component: {fileID: 1901994933105623936}
  - component: {fileID: 6712657797563496618}
  m_Layer: 0
  m_Name: New Game Object
  m_TagString: Untagged
  m_Icon: {fileID: 0}
  m_NavMeshLayer: 0
  m_StaticEditorFlags: 0
  m_IsActive: 1
--- !u!4 &1901994933105623936
Transform:
  m_ObjectHideFlags: 0
  m_CorrespondingSourceObject: {fileID: 0}
  m_PrefabInstance: {fileID: 0}
  m_PrefabAsset: {fileID: 0}
  m_GameObject: {fileID: 683010724627979625}
  m_LocalRotation: {x: -0, y: -0, z: -0, w: 1}
  m_LocalPosition: {x: 0, y: 0, z: 0}
  m_LocalScale: {x: 1, y: 1, z: 1}
  m_Children: []
  m_Father: {fileID: 6534892501011017661}
  m_RootOrder: 1
  m_LocalEulerAnglesHint: {x: 0, y: 0, z: 0}
--- !u!120 &6712657797563496618
LineRenderer:
  m_ObjectHideFlags: 0
  m_CorrespondingSourceObject: {fileID: 0}
  m_PrefabInstance: {fileID: 0}
  m_PrefabAsset: {fileID: 0}
  m_GameObject: {fileID: 683010724627979625}
  m_Enabled: 1
  m_CastShadows: 1
  m_ReceiveShadows: 1
  m_DynamicOccludee: 1
  m_MotionVectors: 0
  m_LightProbeUsage: 0
  m_ReflectionProbeUsage: 0
  m_RenderingLayerMask: 1
  m_RendererPriority: 0
  m_Materials:
  - {fileID: 2100000, guid: 2f04f40aa16f3244ab2769c399431166, type: 2}
  m_StaticBatchInfo:
    firstSubMesh: 0
    subMeshCount: 0
  m_StaticBatchRoot: {fileID: 0}
  m_ProbeAnchor: {fileID: 0}
  m_LightProbeVolumeOverride: {fileID: 0}
  m_ScaleInLightmap: 1
  m_PreserveUVs: 0
  m_IgnoreNormalsForChartDetection: 0
  m_ImportantGI: 0
  m_StitchLightmapSeams: 0
  m_SelectedEditorRenderState: 3
  m_MinimumChartSize: 4
  m_AutoUVMaxDistance: 0.5
  m_AutoUVMaxAngle: 89
  m_LightmapParameters: {fileID: 0}
  m_SortingLayerID: 0
  m_SortingLayer: 0
  m_SortingOrder: 0
  m_Positions:
  - {x: -6.75, y: 21, z: 0}
  - {x: -8.75, y: 21, z: 0}
  - {x: -8.75, y: 0, z: 0}
  - {x: -6.75, y: 0, z: 0}
  - {x: -6.75, y: 21, z: 0}
  m_Parameters:
    serializedVersion: 3
    widthMultiplier: 0.25
    widthCurve:
      serializedVersion: 2
      m_Curve:
      - serializedVersion: 3
        time: 0
        value: 1
        inSlope: 0
        outSlope: 0
        tangentMode: 0
        weightedMode: 0
        inWeight: 0.33333334
        outWeight: 0.33333334
      m_PreInfinity: 2
      m_PostInfinity: 2
      m_RotationOrder: 4
    colorGradient:
      serializedVersion: 2
      key0: {r: 1, g: 1, b: 1, a: 1}
      key1: {r: 1, g: 1, b: 1, a: 1}
      key2: {r: 0, g: 0, b: 0, a: 0}
      key3: {r: 0, g: 0, b: 0, a: 0}
      key4: {r: 0, g: 0, b: 0, a: 0}
      key5: {r: 0, g: 0, b: 0, a: 0}
      key6: {r: 0, g: 0, b: 0, a: 0}
      key7: {r: 0, g: 0, b: 0, a: 0}
      ctime0: 0
      ctime1: 65535
      ctime2: 0
      ctime3: 0
      ctime4: 0
      ctime5: 0
      ctime6: 0
      ctime7: 0
      atime0: 0
      atime1: 65535
      atime2: 0
      atime3: 0
      atime4: 0
      atime5: 0
      atime6: 0
      atime7: 0
      m_Mode: 0
      m_NumColorKeys: 2
      m_NumAlphaKeys: 2
    numCornerVertices: 5
    numCapVertices: 0
    alignment: 0
    textureMode: 0
    shadowBias: 0.5
    generateLightingData: 0
  m_UseWorldSpace: 0
  m_Loop: 0
--- !u!114 &4837707382754911368
MonoBehaviour:
  m_ObjectHideFlags: 0
  m_CorrespondingSourceObject: {fileID: 0}
  m_PrefabInstance: {fileID: 0}
  m_PrefabAsset: {fileID: 0}
  m_GameObject: {fileID: 1093130832200509946}
  m_Enabled: 1
  m_EditorHideFlags: 0
  m_Script: {fileID: 11500000, guid: 064733cdc6a99124cbcda82434bf8ea3, type: 3}
  m_Name: 
  m_EditorClassIdentifier: 
  sTags:
  - {fileID: 11400000, guid: 7c385b3630b84c745b7baf55ef398d20, type: 2}
--- !u!1 &1234836309595509299
GameObject:
  m_ObjectHideFlags: 0
  m_CorrespondingSourceObject: {fileID: 0}
  m_PrefabInstance: {fileID: 0}
  m_PrefabAsset: {fileID: 0}
  serializedVersion: 6
  m_Component:
  - component: {fileID: 6462781570094286956}
  - component: {fileID: 5470746066800352660}
  m_Layer: 0
  m_Name: New Game Object
  m_TagString: Untagged
  m_Icon: {fileID: 0}
  m_NavMeshLayer: 0
  m_StaticEditorFlags: 0
  m_IsActive: 1
--- !u!4 &6462781570094286956
Transform:
  m_ObjectHideFlags: 0
  m_CorrespondingSourceObject: {fileID: 0}
  m_PrefabInstance: {fileID: 0}
  m_PrefabAsset: {fileID: 0}
  m_GameObject: {fileID: 1234836309595509299}
  m_LocalRotation: {x: -0, y: -0, z: -0, w: 1}
  m_LocalPosition: {x: 0, y: 0, z: 0}
  m_LocalScale: {x: 1, y: 1, z: 1}
  m_Children: []
  m_Father: {fileID: 6534892501011017661}
  m_RootOrder: 2
  m_LocalEulerAnglesHint: {x: 0, y: 0, z: 0}
--- !u!120 &5470746066800352660
LineRenderer:
  m_ObjectHideFlags: 0
  m_CorrespondingSourceObject: {fileID: 0}
  m_PrefabInstance: {fileID: 0}
  m_PrefabAsset: {fileID: 0}
  m_GameObject: {fileID: 1234836309595509299}
  m_Enabled: 1
  m_CastShadows: 1
  m_ReceiveShadows: 1
  m_DynamicOccludee: 1
  m_MotionVectors: 0
  m_LightProbeUsage: 0
  m_ReflectionProbeUsage: 0
  m_RenderingLayerMask: 1
  m_RendererPriority: 0
  m_Materials:
  - {fileID: 2100000, guid: 2f04f40aa16f3244ab2769c399431166, type: 2}
  m_StaticBatchInfo:
    firstSubMesh: 0
    subMeshCount: 0
  m_StaticBatchRoot: {fileID: 0}
  m_ProbeAnchor: {fileID: 0}
  m_LightProbeVolumeOverride: {fileID: 0}
  m_ScaleInLightmap: 1
  m_PreserveUVs: 0
  m_IgnoreNormalsForChartDetection: 0
  m_ImportantGI: 0
  m_StitchLightmapSeams: 0
  m_SelectedEditorRenderState: 3
  m_MinimumChartSize: 4
  m_AutoUVMaxDistance: 0.5
  m_AutoUVMaxAngle: 89
  m_LightmapParameters: {fileID: 0}
  m_SortingLayerID: 0
  m_SortingLayer: 0
  m_SortingOrder: 0
  m_Positions:
  - {x: 8.75, y: 21, z: 0}
  - {x: 6.75, y: 21, z: 0}
  - {x: 6.75, y: 0, z: 0}
  - {x: 8.75, y: 0, z: 0}
  - {x: 8.75, y: 21, z: 0}
  m_Parameters:
    serializedVersion: 3
    widthMultiplier: 0.25
    widthCurve:
      serializedVersion: 2
      m_Curve:
      - serializedVersion: 3
        time: 0
        value: 1
        inSlope: 0
        outSlope: 0
        tangentMode: 0
        weightedMode: 0
        inWeight: 0.33333334
        outWeight: 0.33333334
      m_PreInfinity: 2
      m_PostInfinity: 2
      m_RotationOrder: 4
    colorGradient:
      serializedVersion: 2
      key0: {r: 1, g: 1, b: 1, a: 1}
      key1: {r: 1, g: 1, b: 1, a: 1}
      key2: {r: 0, g: 0, b: 0, a: 0}
      key3: {r: 0, g: 0, b: 0, a: 0}
      key4: {r: 0, g: 0, b: 0, a: 0}
      key5: {r: 0, g: 0, b: 0, a: 0}
      key6: {r: 0, g: 0, b: 0, a: 0}
      key7: {r: 0, g: 0, b: 0, a: 0}
      ctime0: 0
      ctime1: 65535
      ctime2: 0
      ctime3: 0
      ctime4: 0
      ctime5: 0
      ctime6: 0
      ctime7: 0
      atime0: 0
      atime1: 65535
      atime2: 0
      atime3: 0
      atime4: 0
      atime5: 0
      atime6: 0
      atime7: 0
      m_Mode: 0
      m_NumColorKeys: 2
      m_NumAlphaKeys: 2
    numCornerVertices: 5
    numCapVertices: 0
    alignment: 0
    textureMode: 0
    shadowBias: 0.5
    generateLightingData: 0
  m_UseWorldSpace: 0
  m_Loop: 0
--- !u!1 &1945234310025723316
GameObject:
  m_ObjectHideFlags: 0
  m_CorrespondingSourceObject: {fileID: 0}
  m_PrefabInstance: {fileID: 0}
  m_PrefabAsset: {fileID: 0}
  serializedVersion: 6
  m_Component:
  - component: {fileID: 8564054633941658063}
  - component: {fileID: 6472199999765895304}
  m_Layer: 0
  m_Name: New Game Object
  m_TagString: Untagged
  m_Icon: {fileID: 0}
  m_NavMeshLayer: 0
  m_StaticEditorFlags: 0
  m_IsActive: 1
--- !u!4 &8564054633941658063
Transform:
  m_ObjectHideFlags: 0
  m_CorrespondingSourceObject: {fileID: 0}
  m_PrefabInstance: {fileID: 0}
  m_PrefabAsset: {fileID: 0}
  m_GameObject: {fileID: 1945234310025723316}
  m_LocalRotation: {x: -0, y: -0, z: -0, w: 1}
  m_LocalPosition: {x: 0, y: 0, z: 0}
  m_LocalScale: {x: 1, y: 1, z: 1}
  m_Children: []
  m_Father: {fileID: 6534892501011017661}
  m_RootOrder: 4
  m_LocalEulerAnglesHint: {x: 0, y: 0, z: 0}
--- !u!120 &6472199999765895304
LineRenderer:
  m_ObjectHideFlags: 0
  m_CorrespondingSourceObject: {fileID: 0}
  m_PrefabInstance: {fileID: 0}
  m_PrefabAsset: {fileID: 0}
  m_GameObject: {fileID: 1945234310025723316}
  m_Enabled: 1
  m_CastShadows: 1
  m_ReceiveShadows: 1
  m_DynamicOccludee: 1
  m_MotionVectors: 0
  m_LightProbeUsage: 0
  m_ReflectionProbeUsage: 0
  m_RenderingLayerMask: 1
  m_RendererPriority: 0
  m_Materials:
  - {fileID: 2100000, guid: 2f04f40aa16f3244ab2769c399431166, type: 2}
  m_StaticBatchInfo:
    firstSubMesh: 0
    subMeshCount: 0
  m_StaticBatchRoot: {fileID: 0}
  m_ProbeAnchor: {fileID: 0}
  m_LightProbeVolumeOverride: {fileID: 0}
  m_ScaleInLightmap: 1
  m_PreserveUVs: 0
  m_IgnoreNormalsForChartDetection: 0
  m_ImportantGI: 0
  m_StitchLightmapSeams: 0
  m_SelectedEditorRenderState: 3
  m_MinimumChartSize: 4
  m_AutoUVMaxDistance: 0.5
  m_AutoUVMaxAngle: 89
  m_LightmapParameters: {fileID: 0}
  m_SortingLayerID: 0
  m_SortingLayer: 0
  m_SortingOrder: 0
  m_Positions:
  - {x: 6.5, y: 2, z: 0}
  - {x: -0.5, y: 2, z: 0}
  - {x: -0.5, y: 0, z: 0}
  - {x: 6.5, y: 0, z: 0}
  - {x: 6.5, y: 2, z: 0}
  m_Parameters:
    serializedVersion: 3
    widthMultiplier: 0.25
    widthCurve:
      serializedVersion: 2
      m_Curve:
      - serializedVersion: 3
        time: 0
        value: 1
        inSlope: 0
        outSlope: 0
        tangentMode: 0
        weightedMode: 0
        inWeight: 0.33333334
        outWeight: 0.33333334
      m_PreInfinity: 2
      m_PostInfinity: 2
      m_RotationOrder: 4
    colorGradient:
      serializedVersion: 2
      key0: {r: 1, g: 1, b: 1, a: 1}
      key1: {r: 1, g: 1, b: 1, a: 1}
      key2: {r: 0, g: 0, b: 0, a: 0}
      key3: {r: 0, g: 0, b: 0, a: 0}
      key4: {r: 0, g: 0, b: 0, a: 0}
      key5: {r: 0, g: 0, b: 0, a: 0}
      key6: {r: 0, g: 0, b: 0, a: 0}
      key7: {r: 0, g: 0, b: 0, a: 0}
      ctime0: 0
      ctime1: 65535
      ctime2: 0
      ctime3: 0
      ctime4: 0
      ctime5: 0
      ctime6: 0
      ctime7: 0
      atime0: 0
      atime1: 65535
      atime2: 0
      atime3: 0
      atime4: 0
      atime5: 0
      atime6: 0
      atime7: 0
      m_Mode: 0
      m_NumColorKeys: 2
      m_NumAlphaKeys: 2
    numCornerVertices: 5
    numCapVertices: 0
    alignment: 0
    textureMode: 0
    shadowBias: 0.5
    generateLightingData: 0
  m_UseWorldSpace: 0
  m_Loop: 0
--- !u!1 &2168671783946150544
GameObject:
  m_ObjectHideFlags: 0
  m_CorrespondingSourceObject: {fileID: 0}
  m_PrefabInstance: {fileID: 0}
  m_PrefabAsset: {fileID: 0}
  serializedVersion: 6
  m_Component:
  - component: {fileID: 5406753930564391736}
  m_Layer: 0
  m_Name: GameObject
  m_TagString: Untagged
  m_Icon: {fileID: 0}
  m_NavMeshLayer: 0
  m_StaticEditorFlags: 0
  m_IsActive: 1
--- !u!4 &5406753930564391736
Transform:
  m_ObjectHideFlags: 0
  m_CorrespondingSourceObject: {fileID: 0}
  m_PrefabInstance: {fileID: 0}
  m_PrefabAsset: {fileID: 0}
  m_GameObject: {fileID: 2168671783946150544}
  m_LocalRotation: {x: 0, y: 0, z: 0, w: 1}
  m_LocalPosition: {x: 0, y: 0, z: 0}
  m_LocalScale: {x: 1, y: 1, z: 1}
  m_Children: []
  m_Father: {fileID: 5772312867521105747}
  m_RootOrder: 0
  m_LocalEulerAnglesHint: {x: 0, y: 0, z: 0}
--- !u!1 &2408188607043422621
GameObject:
  m_ObjectHideFlags: 0
  m_CorrespondingSourceObject: {fileID: 0}
  m_PrefabInstance: {fileID: 0}
  m_PrefabAsset: {fileID: 0}
  serializedVersion: 6
  m_Component:
  - component: {fileID: 9044960436243799019}
  m_Layer: 0
  m_Name: GameObject
  m_TagString: Untagged
  m_Icon: {fileID: 0}
  m_NavMeshLayer: 0
  m_StaticEditorFlags: 0
  m_IsActive: 1
--- !u!4 &9044960436243799019
Transform:
  m_ObjectHideFlags: 0
  m_CorrespondingSourceObject: {fileID: 0}
  m_PrefabInstance: {fileID: 0}
  m_PrefabAsset: {fileID: 0}
  m_GameObject: {fileID: 2408188607043422621}
  m_LocalRotation: {x: 0, y: 0, z: 0, w: 1}
  m_LocalPosition: {x: 0, y: 0, z: 0}
  m_LocalScale: {x: 1, y: 1, z: 1}
  m_Children: []
  m_Father: {fileID: 6880089743991511554}
  m_RootOrder: 0
  m_LocalEulerAnglesHint: {x: 0, y: 0, z: 0}
--- !u!1 &4524343893578505435
GameObject:
  m_ObjectHideFlags: 0
  m_CorrespondingSourceObject: {fileID: 0}
  m_PrefabInstance: {fileID: 0}
  m_PrefabAsset: {fileID: 0}
  serializedVersion: 6
  m_Component:
  - component: {fileID: 8446023111470199365}
  - component: {fileID: 2938374621041076065}
  - component: {fileID: 1672546594195109245}
  - component: {fileID: 17615783552199743}
  - component: {fileID: 2171310536356980681}
  - component: {fileID: 3818858461013962109}
  - component: {fileID: 1066340960656124363}
  m_Layer: 0
  m_Name: SpriteShapeFromTerrain(Clone)
  m_TagString: Untagged
  m_Icon: {fileID: 0}
  m_NavMeshLayer: 0
  m_StaticEditorFlags: 0
  m_IsActive: 1
--- !u!4 &8446023111470199365
Transform:
  m_ObjectHideFlags: 0
  m_CorrespondingSourceObject: {fileID: 0}
  m_PrefabInstance: {fileID: 0}
  m_PrefabAsset: {fileID: 0}
  m_GameObject: {fileID: 4524343893578505435}
  m_LocalRotation: {x: -0, y: -0, z: -0, w: 1}
  m_LocalPosition: {x: 0, y: 0, z: 0}
  m_LocalScale: {x: 1, y: 1, z: 1}
  m_Children:
  - {fileID: 4721747425020098702}
  m_Father: {fileID: 1043039271441947154}
  m_RootOrder: 0
  m_LocalEulerAnglesHint: {x: 0, y: 0, z: 0}
--- !u!114 &2938374621041076065
MonoBehaviour:
  m_ObjectHideFlags: 0
  m_CorrespondingSourceObject: {fileID: 0}
  m_PrefabInstance: {fileID: 0}
  m_PrefabAsset: {fileID: 0}
  m_GameObject: {fileID: 4524343893578505435}
  m_Enabled: 1
  m_EditorHideFlags: 0
  m_Script: {fileID: 11500000, guid: b04164830fd4b32459a659f5cc2bb5ba, type: 3}
  m_Name: 
  m_EditorClassIdentifier: 
  spriteShape: {fileID: 1672546594195109245}
  spriteShapeController: {fileID: 17615783552199743}
--- !u!1971053207 &1672546594195109245
SpriteShapeRenderer:
  m_ObjectHideFlags: 0
  m_CorrespondingSourceObject: {fileID: 0}
  m_PrefabInstance: {fileID: 0}
  m_PrefabAsset: {fileID: 0}
  m_GameObject: {fileID: 4524343893578505435}
  m_Enabled: 1
  m_CastShadows: 1
  m_ReceiveShadows: 1
  m_DynamicOccludee: 0
  m_MotionVectors: 1
  m_LightProbeUsage: 1
  m_ReflectionProbeUsage: 1
  m_RenderingLayerMask: 1
  m_RendererPriority: 0
  m_Materials:
  - {fileID: 10754, guid: 0000000000000000f000000000000000, type: 0}
  m_StaticBatchInfo:
    firstSubMesh: 0
    subMeshCount: 0
  m_StaticBatchRoot: {fileID: 0}
  m_ProbeAnchor: {fileID: 0}
  m_LightProbeVolumeOverride: {fileID: 0}
  m_ScaleInLightmap: 1
  m_PreserveUVs: 0
  m_IgnoreNormalsForChartDetection: 0
  m_ImportantGI: 0
  m_StitchLightmapSeams: 0
  m_SelectedEditorRenderState: 0
  m_MinimumChartSize: 4
  m_AutoUVMaxDistance: 0.5
  m_AutoUVMaxAngle: 89
  m_LightmapParameters: {fileID: 0}
  m_SortingLayerID: 0
  m_SortingLayer: 0
  m_SortingOrder: 0
  m_Color: {r: 1, g: 1, b: 1, a: 1}
  m_MaskInteraction: 0
  m_ShapeTexture: {fileID: 2800000, guid: 821b20a69e1cce4408fb66926492c20f, type: 3}
  m_Sprites:
  - {fileID: 21300022, guid: 32f5350ae16ffb241afda19dc483918f, type: 3}
  - {fileID: 21300010, guid: 32f5350ae16ffb241afda19dc483918f, type: 3}
  - {fileID: 21300002, guid: 32f5350ae16ffb241afda19dc483918f, type: 3}
  - {fileID: 21300014, guid: 32f5350ae16ffb241afda19dc483918f, type: 3}
  - {fileID: 21300000, guid: 32f5350ae16ffb241afda19dc483918f, type: 3}
  - {fileID: 21300004, guid: 32f5350ae16ffb241afda19dc483918f, type: 3}
  - {fileID: 21300012, guid: 32f5350ae16ffb241afda19dc483918f, type: 3}
  - {fileID: 21300016, guid: 32f5350ae16ffb241afda19dc483918f, type: 3}
  - {fileID: 21300020, guid: 32f5350ae16ffb241afda19dc483918f, type: 3}
  - {fileID: 21300018, guid: 32f5350ae16ffb241afda19dc483918f, type: 3}
  - {fileID: 21300008, guid: 32f5350ae16ffb241afda19dc483918f, type: 3}
  - {fileID: 21300006, guid: 32f5350ae16ffb241afda19dc483918f, type: 3}
  m_LocalAABB:
    m_Center: {x: -7.749999, y: 10.5, z: -0.002}
    m_Extent: {x: 1.3200006, y: 10.82, z: 0.002}
--- !u!114 &17615783552199743
MonoBehaviour:
  m_ObjectHideFlags: 0
  m_CorrespondingSourceObject: {fileID: 0}
  m_PrefabInstance: {fileID: 0}
  m_PrefabAsset: {fileID: 0}
  m_GameObject: {fileID: 4524343893578505435}
  m_Enabled: 1
  m_EditorHideFlags: 0
  m_Script: {fileID: 11500000, guid: 90539df1cd5704abcb25fec9f3f5f84b, type: 3}
  m_Name: 
  m_EditorClassIdentifier: 
  m_Spline:
    m_IsOpenEnded: 0
    m_ControlPoints:
    - position: {x: -6.75, y: 0, z: 0}
      leftTangent: {x: 0, y: 0, z: 0}
      rightTangent: {x: 0, y: 0, z: 0}
      mode: 0
      height: 1
      bevelCutoff: 0
      bevelSize: 0
      spriteIndex: 0
      corner: 1
    - position: {x: -8.75, y: 0, z: 0}
      leftTangent: {x: 0, y: 0, z: 0}
      rightTangent: {x: 0, y: 0, z: 0}
      mode: 0
      height: 1
      bevelCutoff: 0
      bevelSize: 0
      spriteIndex: 0
      corner: 1
    - position: {x: -8.75, y: 21, z: 0}
      leftTangent: {x: 0, y: 0, z: 0}
      rightTangent: {x: 0, y: 0, z: 0}
      mode: 0
      height: 1
      bevelCutoff: 0
      bevelSize: 0
      spriteIndex: 0
      corner: 1
    - position: {x: -6.75, y: 21, z: 0}
      leftTangent: {x: 0, y: 0, z: 0}
      rightTangent: {x: 0, y: 0, z: 0}
      mode: 0
      height: 1
      bevelCutoff: 0
      bevelSize: 0
      spriteIndex: 0
      corner: 1
  m_SpriteShape: {fileID: 11400000, guid: 5aac4c21acb99b549889d8eb49831471, type: 2}
  m_SplineDetail: 4
  m_AdaptiveUV: 1
  m_UpdateCollider: 1
  m_ColliderDetail: 4
  m_ColliderOffset: 0
  m_ColliderCornerType: 0
--- !u!114 &2171310536356980681
MonoBehaviour:
  m_ObjectHideFlags: 0
  m_CorrespondingSourceObject: {fileID: 0}
  m_PrefabInstance: {fileID: 0}
  m_PrefabAsset: {fileID: 0}
  m_GameObject: {fileID: 4524343893578505435}
  m_Enabled: 1
  m_EditorHideFlags: 0
  m_Script: {fileID: 11500000, guid: 177389af927b442458cfb0c04be1bf01, type: 3}
  m_Name: 
  m_EditorClassIdentifier: 
  key: SpriteShapeTerrain
  isPooled: 0
--- !u!114 &3818858461013962109
MonoBehaviour:
  m_ObjectHideFlags: 0
  m_CorrespondingSourceObject: {fileID: 0}
  m_PrefabInstance: {fileID: 0}
  m_PrefabAsset: {fileID: 0}
  m_GameObject: {fileID: 4524343893578505435}
  m_Enabled: 1
  m_EditorHideFlags: 0
  m_Script: {fileID: 11500000, guid: 6de6ad778ff67df429ee5b471e8eacca, type: 3}
  m_Name: 
  m_EditorClassIdentifier: 
  style: 2
--- !u!114 &1066340960656124363
MonoBehaviour:
  m_ObjectHideFlags: 0
  m_CorrespondingSourceObject: {fileID: 0}
  m_PrefabInstance: {fileID: 0}
  m_PrefabAsset: {fileID: 0}
  m_GameObject: {fileID: 4524343893578505435}
  m_Enabled: 1
  m_EditorHideFlags: 0
  m_Script: {fileID: 11500000, guid: 58f389db044184a439075c6da3136d68, type: 3}
  m_Name: 
  m_EditorClassIdentifier: 
  onBackground:
    m_PersistentCalls:
      m_Calls: []
    m_TypeName: UnityEventMaterial, Assembly-CSharp, Version=1.0.0.0, Culture=neutral,
      PublicKeyToken=null
  onBackGodray:
    m_PersistentCalls:
      m_Calls: []
    m_TypeName: UnityEventMaterial, Assembly-CSharp, Version=1.0.0.0, Culture=neutral,
      PublicKeyToken=null
  onFrontalGodray:
    m_PersistentCalls:
      m_Calls: []
    m_TypeName: UnityEventMaterial, Assembly-CSharp, Version=1.0.0.0, Culture=neutral,
      PublicKeyToken=null
  onSpriteShape:
    m_PersistentCalls:
      m_Calls:
      - m_Target: {fileID: 17615783552199743}
        m_MethodName: set_spriteShape
        m_Mode: 0
        m_Arguments:
          m_ObjectArgument: {fileID: 0}
          m_ObjectArgumentAssemblyTypeName: UnityEngine.Object, UnityEngine
          m_IntArgument: 0
          m_FloatArgument: 0
          m_StringArgument: 
          m_BoolArgument: 0
        m_CallState: 2
    m_TypeName: UnityEventSpriteShape, Assembly-CSharp, Version=1.0.0.0, Culture=neutral,
      PublicKeyToken=null
--- !u!1 &5478068980074483978
GameObject:
  m_ObjectHideFlags: 0
  m_CorrespondingSourceObject: {fileID: 0}
  m_PrefabInstance: {fileID: 0}
  m_PrefabAsset: {fileID: 0}
  serializedVersion: 6
  m_Component:
  - component: {fileID: 5772312867521105747}
  - component: {fileID: 3273171863848420753}
  - component: {fileID: 5986240312826364287}
  - component: {fileID: 5919085953464665864}
  - component: {fileID: 3148468127623274340}
  - component: {fileID: 6432606838599587249}
  - component: {fileID: 4410243195720685804}
  m_Layer: 0
  m_Name: SpriteShapeFromTerrain(Clone)
  m_TagString: Untagged
  m_Icon: {fileID: 0}
  m_NavMeshLayer: 0
  m_StaticEditorFlags: 0
  m_IsActive: 1
--- !u!4 &5772312867521105747
Transform:
  m_ObjectHideFlags: 0
  m_CorrespondingSourceObject: {fileID: 0}
  m_PrefabInstance: {fileID: 0}
  m_PrefabAsset: {fileID: 0}
  m_GameObject: {fileID: 5478068980074483978}
  m_LocalRotation: {x: -0, y: -0, z: -0, w: 1}
  m_LocalPosition: {x: 0, y: 0, z: 0}
  m_LocalScale: {x: 1, y: 1, z: 1}
  m_Children:
  - {fileID: 5406753930564391736}
  m_Father: {fileID: 1043039271441947154}
  m_RootOrder: 2
  m_LocalEulerAnglesHint: {x: 0, y: 0, z: 0}
--- !u!114 &3273171863848420753
MonoBehaviour:
  m_ObjectHideFlags: 0
  m_CorrespondingSourceObject: {fileID: 0}
  m_PrefabInstance: {fileID: 0}
  m_PrefabAsset: {fileID: 0}
  m_GameObject: {fileID: 5478068980074483978}
  m_Enabled: 1
  m_EditorHideFlags: 0
  m_Script: {fileID: 11500000, guid: b04164830fd4b32459a659f5cc2bb5ba, type: 3}
  m_Name: 
  m_EditorClassIdentifier: 
  spriteShape: {fileID: 5986240312826364287}
  spriteShapeController: {fileID: 5919085953464665864}
--- !u!1971053207 &5986240312826364287
SpriteShapeRenderer:
  m_ObjectHideFlags: 0
  m_CorrespondingSourceObject: {fileID: 0}
  m_PrefabInstance: {fileID: 0}
  m_PrefabAsset: {fileID: 0}
  m_GameObject: {fileID: 5478068980074483978}
  m_Enabled: 1
  m_CastShadows: 1
  m_ReceiveShadows: 1
  m_DynamicOccludee: 0
  m_MotionVectors: 1
  m_LightProbeUsage: 1
  m_ReflectionProbeUsage: 1
  m_RenderingLayerMask: 1
  m_RendererPriority: 0
  m_Materials:
  - {fileID: 10754, guid: 0000000000000000f000000000000000, type: 0}
  m_StaticBatchInfo:
    firstSubMesh: 0
    subMeshCount: 0
  m_StaticBatchRoot: {fileID: 0}
  m_ProbeAnchor: {fileID: 0}
  m_LightProbeVolumeOverride: {fileID: 0}
  m_ScaleInLightmap: 1
  m_PreserveUVs: 0
  m_IgnoreNormalsForChartDetection: 0
  m_ImportantGI: 0
  m_StitchLightmapSeams: 0
  m_SelectedEditorRenderState: 0
  m_MinimumChartSize: 4
  m_AutoUVMaxDistance: 0.5
  m_AutoUVMaxAngle: 89
  m_LightmapParameters: {fileID: 0}
  m_SortingLayerID: 0
  m_SortingLayer: 0
  m_SortingOrder: 0
  m_Color: {r: 1, g: 1, b: 1, a: 1}
  m_MaskInteraction: 0
  m_ShapeTexture: {fileID: 2800000, guid: 821b20a69e1cce4408fb66926492c20f, type: 3}
  m_Sprites:
  - {fileID: 21300022, guid: 32f5350ae16ffb241afda19dc483918f, type: 3}
  - {fileID: 21300010, guid: 32f5350ae16ffb241afda19dc483918f, type: 3}
  - {fileID: 21300002, guid: 32f5350ae16ffb241afda19dc483918f, type: 3}
  - {fileID: 21300014, guid: 32f5350ae16ffb241afda19dc483918f, type: 3}
  - {fileID: 21300000, guid: 32f5350ae16ffb241afda19dc483918f, type: 3}
  - {fileID: 21300004, guid: 32f5350ae16ffb241afda19dc483918f, type: 3}
  - {fileID: 21300012, guid: 32f5350ae16ffb241afda19dc483918f, type: 3}
  - {fileID: 21300016, guid: 32f5350ae16ffb241afda19dc483918f, type: 3}
  - {fileID: 21300020, guid: 32f5350ae16ffb241afda19dc483918f, type: 3}
  - {fileID: 21300018, guid: 32f5350ae16ffb241afda19dc483918f, type: 3}
  - {fileID: 21300008, guid: 32f5350ae16ffb241afda19dc483918f, type: 3}
  - {fileID: 21300006, guid: 32f5350ae16ffb241afda19dc483918f, type: 3}
  m_LocalAABB:
    m_Center: {x: -3, y: 20, z: -0.002}
    m_Extent: {x: 3.8200002, y: 1.3200006, z: 0.002}
--- !u!114 &5919085953464665864
MonoBehaviour:
  m_ObjectHideFlags: 0
  m_CorrespondingSourceObject: {fileID: 0}
  m_PrefabInstance: {fileID: 0}
  m_PrefabAsset: {fileID: 0}
  m_GameObject: {fileID: 5478068980074483978}
  m_Enabled: 1
  m_EditorHideFlags: 0
  m_Script: {fileID: 11500000, guid: 90539df1cd5704abcb25fec9f3f5f84b, type: 3}
  m_Name: 
  m_EditorClassIdentifier: 
  m_Spline:
    m_IsOpenEnded: 0
    m_ControlPoints:
    - position: {x: 0.5, y: 19, z: 0}
      leftTangent: {x: 0, y: 0, z: 0}
      rightTangent: {x: 0, y: 0, z: 0}
      mode: 0
      height: 1
      bevelCutoff: 0
      bevelSize: 0
      spriteIndex: 0
      corner: 1
    - position: {x: -6.5, y: 19, z: 0}
      leftTangent: {x: 0, y: 0, z: 0}
      rightTangent: {x: 0, y: 0, z: 0}
      mode: 0
      height: 1
      bevelCutoff: 0
      bevelSize: 0
      spriteIndex: 0
      corner: 1
    - position: {x: -6.5, y: 21, z: 0}
      leftTangent: {x: 0, y: 0, z: 0}
      rightTangent: {x: 0, y: 0, z: 0}
      mode: 0
      height: 1
      bevelCutoff: 0
      bevelSize: 0
      spriteIndex: 0
      corner: 1
    - position: {x: 0.5, y: 21, z: 0}
      leftTangent: {x: 0, y: 0, z: 0}
      rightTangent: {x: 0, y: 0, z: 0}
      mode: 0
      height: 1
      bevelCutoff: 0
      bevelSize: 0
      spriteIndex: 0
      corner: 1
  m_SpriteShape: {fileID: 11400000, guid: 5aac4c21acb99b549889d8eb49831471, type: 2}
  m_SplineDetail: 4
  m_AdaptiveUV: 1
  m_UpdateCollider: 1
  m_ColliderDetail: 4
  m_ColliderOffset: 0
  m_ColliderCornerType: 0
--- !u!114 &3148468127623274340
MonoBehaviour:
  m_ObjectHideFlags: 0
  m_CorrespondingSourceObject: {fileID: 0}
  m_PrefabInstance: {fileID: 0}
  m_PrefabAsset: {fileID: 0}
  m_GameObject: {fileID: 5478068980074483978}
  m_Enabled: 1
  m_EditorHideFlags: 0
  m_Script: {fileID: 11500000, guid: 177389af927b442458cfb0c04be1bf01, type: 3}
  m_Name: 
  m_EditorClassIdentifier: 
  key: SpriteShapeTerrain
  isPooled: 0
--- !u!114 &6432606838599587249
MonoBehaviour:
  m_ObjectHideFlags: 0
  m_CorrespondingSourceObject: {fileID: 0}
  m_PrefabInstance: {fileID: 0}
  m_PrefabAsset: {fileID: 0}
  m_GameObject: {fileID: 5478068980074483978}
  m_Enabled: 1
  m_EditorHideFlags: 0
  m_Script: {fileID: 11500000, guid: 6de6ad778ff67df429ee5b471e8eacca, type: 3}
  m_Name: 
  m_EditorClassIdentifier: 
  style: 2
--- !u!114 &4410243195720685804
MonoBehaviour:
  m_ObjectHideFlags: 0
  m_CorrespondingSourceObject: {fileID: 0}
  m_PrefabInstance: {fileID: 0}
  m_PrefabAsset: {fileID: 0}
  m_GameObject: {fileID: 5478068980074483978}
  m_Enabled: 1
  m_EditorHideFlags: 0
  m_Script: {fileID: 11500000, guid: 58f389db044184a439075c6da3136d68, type: 3}
  m_Name: 
  m_EditorClassIdentifier: 
  onBackground:
    m_PersistentCalls:
      m_Calls: []
    m_TypeName: UnityEventMaterial, Assembly-CSharp, Version=1.0.0.0, Culture=neutral,
      PublicKeyToken=null
  onBackGodray:
    m_PersistentCalls:
      m_Calls: []
    m_TypeName: UnityEventMaterial, Assembly-CSharp, Version=1.0.0.0, Culture=neutral,
      PublicKeyToken=null
  onFrontalGodray:
    m_PersistentCalls:
      m_Calls: []
    m_TypeName: UnityEventMaterial, Assembly-CSharp, Version=1.0.0.0, Culture=neutral,
      PublicKeyToken=null
  onSpriteShape:
    m_PersistentCalls:
      m_Calls:
      - m_Target: {fileID: 5919085953464665864}
        m_MethodName: set_spriteShape
        m_Mode: 0
        m_Arguments:
          m_ObjectArgument: {fileID: 0}
          m_ObjectArgumentAssemblyTypeName: UnityEngine.Object, UnityEngine
          m_IntArgument: 0
          m_FloatArgument: 0
          m_StringArgument: 
          m_BoolArgument: 0
        m_CallState: 2
    m_TypeName: UnityEventSpriteShape, Assembly-CSharp, Version=1.0.0.0, Culture=neutral,
      PublicKeyToken=null
--- !u!1 &5502506731273129294
GameObject:
  m_ObjectHideFlags: 0
  m_CorrespondingSourceObject: {fileID: 0}
  m_PrefabInstance: {fileID: 0}
  m_PrefabAsset: {fileID: 0}
  serializedVersion: 6
  m_Component:
  - component: {fileID: 3972109684147438949}
  - component: {fileID: 5092688483006708183}
  m_Layer: 0
  m_Name: CoinSpawn (4)
  m_TagString: Untagged
  m_Icon: {fileID: 5721338939258241955, guid: 0000000000000000d000000000000000, type: 0}
  m_NavMeshLayer: 0
  m_StaticEditorFlags: 0
  m_IsActive: 1
--- !u!4 &3972109684147438949
Transform:
  m_ObjectHideFlags: 0
  m_CorrespondingSourceObject: {fileID: 0}
  m_PrefabInstance: {fileID: 0}
  m_PrefabAsset: {fileID: 0}
  m_GameObject: {fileID: 5502506731273129294}
  m_LocalRotation: {x: -0, y: -0, z: -0, w: 1}
  m_LocalPosition: {x: 3, y: 13, z: 0}
  m_LocalScale: {x: 1, y: 1, z: 1}
  m_Children: []
  m_Father: {fileID: 3848103952352888077}
  m_RootOrder: 4
  m_LocalEulerAnglesHint: {x: 0, y: 0, z: 0}
--- !u!114 &5092688483006708183
MonoBehaviour:
  m_ObjectHideFlags: 0
  m_CorrespondingSourceObject: {fileID: 0}
  m_PrefabInstance: {fileID: 0}
  m_PrefabAsset: {fileID: 0}
  m_GameObject: {fileID: 5502506731273129294}
  m_Enabled: 1
  m_EditorHideFlags: 0
  m_Script: {fileID: 11500000, guid: 72fa6d55be0c82b459aaf379927f7763, type: 3}
  m_Name: 
  m_EditorClassIdentifier: 
--- !u!114 &6397293035590602820
MonoBehaviour:
  m_ObjectHideFlags: 0
  m_CorrespondingSourceObject: {fileID: 0}
  m_PrefabInstance: {fileID: 0}
  m_PrefabAsset: {fileID: 0}
  m_GameObject: {fileID: 5593492222632212073}
  m_Enabled: 1
  m_EditorHideFlags: 0
  m_Script: {fileID: 11500000, guid: 064733cdc6a99124cbcda82434bf8ea3, type: 3}
  m_Name: 
  m_EditorClassIdentifier: 
  sTags:
  - {fileID: 11400000, guid: 7c385b3630b84c745b7baf55ef398d20, type: 2}
--- !u!1 &6001882605135143085
GameObject:
  m_ObjectHideFlags: 0
  m_CorrespondingSourceObject: {fileID: 0}
  m_PrefabInstance: {fileID: 0}
  m_PrefabAsset: {fileID: 0}
  serializedVersion: 6
  m_Component:
  - component: {fileID: 9167890971253591848}
  - component: {fileID: 5591737823960903354}
  m_Layer: 0
  m_Name: New Game Object
  m_TagString: Untagged
  m_Icon: {fileID: 0}
  m_NavMeshLayer: 0
  m_StaticEditorFlags: 0
  m_IsActive: 1
--- !u!4 &9167890971253591848
Transform:
  m_ObjectHideFlags: 0
  m_CorrespondingSourceObject: {fileID: 0}
  m_PrefabInstance: {fileID: 0}
  m_PrefabAsset: {fileID: 0}
  m_GameObject: {fileID: 6001882605135143085}
  m_LocalRotation: {x: -0, y: -0, z: -0, w: 1}
  m_LocalPosition: {x: 0, y: 0, z: 0}
  m_LocalScale: {x: 1, y: 1, z: 1}
  m_Children: []
  m_Father: {fileID: 6534892501011017661}
  m_RootOrder: 3
  m_LocalEulerAnglesHint: {x: 0, y: 0, z: 0}
--- !u!120 &5591737823960903354
LineRenderer:
  m_ObjectHideFlags: 0
  m_CorrespondingSourceObject: {fileID: 0}
  m_PrefabInstance: {fileID: 0}
  m_PrefabAsset: {fileID: 0}
  m_GameObject: {fileID: 6001882605135143085}
  m_Enabled: 1
  m_CastShadows: 1
  m_ReceiveShadows: 1
  m_DynamicOccludee: 1
  m_MotionVectors: 0
  m_LightProbeUsage: 0
  m_ReflectionProbeUsage: 0
  m_RenderingLayerMask: 1
  m_RendererPriority: 0
  m_Materials:
  - {fileID: 2100000, guid: 2f04f40aa16f3244ab2769c399431166, type: 2}
  m_StaticBatchInfo:
    firstSubMesh: 0
    subMeshCount: 0
  m_StaticBatchRoot: {fileID: 0}
  m_ProbeAnchor: {fileID: 0}
  m_LightProbeVolumeOverride: {fileID: 0}
  m_ScaleInLightmap: 1
  m_PreserveUVs: 0
  m_IgnoreNormalsForChartDetection: 0
  m_ImportantGI: 0
  m_StitchLightmapSeams: 0
  m_SelectedEditorRenderState: 3
  m_MinimumChartSize: 4
  m_AutoUVMaxDistance: 0.5
  m_AutoUVMaxAngle: 89
  m_LightmapParameters: {fileID: 0}
  m_SortingLayerID: 0
  m_SortingLayer: 0
  m_SortingOrder: 0
  m_Positions:
  - {x: 0.5, y: 21, z: 0}
  - {x: -6.5, y: 21, z: 0}
  - {x: -6.5, y: 19, z: 0}
  - {x: 0.5, y: 19, z: 0}
  - {x: 0.5, y: 21, z: 0}
  m_Parameters:
    serializedVersion: 3
    widthMultiplier: 0.25
    widthCurve:
      serializedVersion: 2
      m_Curve:
      - serializedVersion: 3
        time: 0
        value: 1
        inSlope: 0
        outSlope: 0
        tangentMode: 0
        weightedMode: 0
        inWeight: 0.33333334
        outWeight: 0.33333334
      m_PreInfinity: 2
      m_PostInfinity: 2
      m_RotationOrder: 4
    colorGradient:
      serializedVersion: 2
      key0: {r: 1, g: 1, b: 1, a: 1}
      key1: {r: 1, g: 1, b: 1, a: 1}
      key2: {r: 0, g: 0, b: 0, a: 0}
      key3: {r: 0, g: 0, b: 0, a: 0}
      key4: {r: 0, g: 0, b: 0, a: 0}
      key5: {r: 0, g: 0, b: 0, a: 0}
      key6: {r: 0, g: 0, b: 0, a: 0}
      key7: {r: 0, g: 0, b: 0, a: 0}
      ctime0: 0
      ctime1: 65535
      ctime2: 0
      ctime3: 0
      ctime4: 0
      ctime5: 0
      ctime6: 0
      ctime7: 0
      atime0: 0
      atime1: 65535
      atime2: 0
      atime3: 0
      atime4: 0
      atime5: 0
      atime6: 0
      atime7: 0
      m_Mode: 0
      m_NumColorKeys: 2
      m_NumAlphaKeys: 2
    numCornerVertices: 5
    numCapVertices: 0
    alignment: 0
    textureMode: 0
    shadowBias: 0.5
    generateLightingData: 0
  m_UseWorldSpace: 0
  m_Loop: 0
--- !u!1 &6724572752925052617
GameObject:
  m_ObjectHideFlags: 0
  m_CorrespondingSourceObject: {fileID: 0}
  m_PrefabInstance: {fileID: 0}
  m_PrefabAsset: {fileID: 0}
  serializedVersion: 6
  m_Component:
  - component: {fileID: 3061434301390997610}
  - component: {fileID: 3124926086209326108}
  m_Layer: 0
  m_Name: CoinSpawn (3)
  m_TagString: Untagged
  m_Icon: {fileID: 5721338939258241955, guid: 0000000000000000d000000000000000, type: 0}
  m_NavMeshLayer: 0
  m_StaticEditorFlags: 0
  m_IsActive: 1
--- !u!4 &3061434301390997610
Transform:
  m_ObjectHideFlags: 0
  m_CorrespondingSourceObject: {fileID: 0}
  m_PrefabInstance: {fileID: 0}
  m_PrefabAsset: {fileID: 0}
  m_GameObject: {fileID: 6724572752925052617}
  m_LocalRotation: {x: -0, y: -0, z: -0, w: 1}
  m_LocalPosition: {x: 3, y: 9, z: 0}
  m_LocalScale: {x: 1, y: 1, z: 1}
  m_Children: []
  m_Father: {fileID: 3848103952352888077}
  m_RootOrder: 3
  m_LocalEulerAnglesHint: {x: 0, y: 0, z: 0}
--- !u!114 &3124926086209326108
MonoBehaviour:
  m_ObjectHideFlags: 0
  m_CorrespondingSourceObject: {fileID: 0}
  m_PrefabInstance: {fileID: 0}
  m_PrefabAsset: {fileID: 0}
  m_GameObject: {fileID: 6724572752925052617}
  m_Enabled: 1
  m_EditorHideFlags: 0
  m_Script: {fileID: 11500000, guid: 72fa6d55be0c82b459aaf379927f7763, type: 3}
  m_Name: 
  m_EditorClassIdentifier: 
--- !u!1 &6963924514666064789
GameObject:
  m_ObjectHideFlags: 0
  m_CorrespondingSourceObject: {fileID: 0}
  m_PrefabInstance: {fileID: 0}
  m_PrefabAsset: {fileID: 0}
  serializedVersion: 6
  m_Component:
  - component: {fileID: 1547230835382446779}
  - component: {fileID: 1063175604846311514}
  - component: {fileID: 4027093093382449697}
  - component: {fileID: 8934992893004575999}
  - component: {fileID: 9061234572939012385}
  - component: {fileID: 7691697552005889295}
  - component: {fileID: 5869965936059234373}
  m_Layer: 0
  m_Name: SpriteShapeFromTerrain(Clone)
  m_TagString: Untagged
  m_Icon: {fileID: 0}
  m_NavMeshLayer: 0
  m_StaticEditorFlags: 0
  m_IsActive: 1
--- !u!4 &1547230835382446779
Transform:
  m_ObjectHideFlags: 0
  m_CorrespondingSourceObject: {fileID: 0}
  m_PrefabInstance: {fileID: 0}
  m_PrefabAsset: {fileID: 0}
  m_GameObject: {fileID: 6963924514666064789}
  m_LocalRotation: {x: -0, y: -0, z: -0, w: 1}
  m_LocalPosition: {x: 0, y: 0, z: 0}
  m_LocalScale: {x: 1, y: 1, z: 1}
  m_Children:
  - {fileID: 6691621592156657580}
  m_Father: {fileID: 1043039271441947154}
  m_RootOrder: 3
  m_LocalEulerAnglesHint: {x: 0, y: 0, z: 0}
--- !u!114 &1063175604846311514
MonoBehaviour:
  m_ObjectHideFlags: 0
  m_CorrespondingSourceObject: {fileID: 0}
  m_PrefabInstance: {fileID: 0}
  m_PrefabAsset: {fileID: 0}
  m_GameObject: {fileID: 6963924514666064789}
  m_Enabled: 1
  m_EditorHideFlags: 0
  m_Script: {fileID: 11500000, guid: b04164830fd4b32459a659f5cc2bb5ba, type: 3}
  m_Name: 
  m_EditorClassIdentifier: 
  spriteShape: {fileID: 4027093093382449697}
  spriteShapeController: {fileID: 8934992893004575999}
--- !u!1971053207 &4027093093382449697
SpriteShapeRenderer:
  m_ObjectHideFlags: 0
  m_CorrespondingSourceObject: {fileID: 0}
  m_PrefabInstance: {fileID: 0}
  m_PrefabAsset: {fileID: 0}
  m_GameObject: {fileID: 6963924514666064789}
  m_Enabled: 1
  m_CastShadows: 1
  m_ReceiveShadows: 1
  m_DynamicOccludee: 0
  m_MotionVectors: 1
  m_LightProbeUsage: 1
  m_ReflectionProbeUsage: 1
  m_RenderingLayerMask: 1
  m_RendererPriority: 0
  m_Materials:
  - {fileID: 10754, guid: 0000000000000000f000000000000000, type: 0}
  m_StaticBatchInfo:
    firstSubMesh: 0
    subMeshCount: 0
  m_StaticBatchRoot: {fileID: 0}
  m_ProbeAnchor: {fileID: 0}
  m_LightProbeVolumeOverride: {fileID: 0}
  m_ScaleInLightmap: 1
  m_PreserveUVs: 0
  m_IgnoreNormalsForChartDetection: 0
  m_ImportantGI: 0
  m_StitchLightmapSeams: 0
  m_SelectedEditorRenderState: 0
  m_MinimumChartSize: 4
  m_AutoUVMaxDistance: 0.5
  m_AutoUVMaxAngle: 89
  m_LightmapParameters: {fileID: 0}
  m_SortingLayerID: 0
  m_SortingLayer: 0
  m_SortingOrder: 0
  m_Color: {r: 1, g: 1, b: 1, a: 1}
  m_MaskInteraction: 0
  m_ShapeTexture: {fileID: 2800000, guid: 821b20a69e1cce4408fb66926492c20f, type: 3}
  m_Sprites:
  - {fileID: 21300022, guid: 32f5350ae16ffb241afda19dc483918f, type: 3}
  - {fileID: 21300010, guid: 32f5350ae16ffb241afda19dc483918f, type: 3}
  - {fileID: 21300002, guid: 32f5350ae16ffb241afda19dc483918f, type: 3}
  - {fileID: 21300014, guid: 32f5350ae16ffb241afda19dc483918f, type: 3}
  - {fileID: 21300000, guid: 32f5350ae16ffb241afda19dc483918f, type: 3}
  - {fileID: 21300004, guid: 32f5350ae16ffb241afda19dc483918f, type: 3}
  - {fileID: 21300012, guid: 32f5350ae16ffb241afda19dc483918f, type: 3}
  - {fileID: 21300016, guid: 32f5350ae16ffb241afda19dc483918f, type: 3}
  - {fileID: 21300020, guid: 32f5350ae16ffb241afda19dc483918f, type: 3}
  - {fileID: 21300018, guid: 32f5350ae16ffb241afda19dc483918f, type: 3}
  - {fileID: 21300008, guid: 32f5350ae16ffb241afda19dc483918f, type: 3}
  - {fileID: 21300006, guid: 32f5350ae16ffb241afda19dc483918f, type: 3}
  m_LocalAABB:
    m_Center: {x: 3, y: 0.99999994, z: -0.002}
    m_Extent: {x: 3.8200002, y: 1.3199999, z: 0.002}
--- !u!114 &8934992893004575999
MonoBehaviour:
  m_ObjectHideFlags: 0
  m_CorrespondingSourceObject: {fileID: 0}
  m_PrefabInstance: {fileID: 0}
  m_PrefabAsset: {fileID: 0}
  m_GameObject: {fileID: 6963924514666064789}
  m_Enabled: 1
  m_EditorHideFlags: 0
  m_Script: {fileID: 11500000, guid: 90539df1cd5704abcb25fec9f3f5f84b, type: 3}
  m_Name: 
  m_EditorClassIdentifier: 
  m_Spline:
    m_IsOpenEnded: 0
    m_ControlPoints:
    - position: {x: 6.5, y: 0, z: 0}
      leftTangent: {x: 0, y: 0, z: 0}
      rightTangent: {x: 0, y: 0, z: 0}
      mode: 0
      height: 1
      bevelCutoff: 0
      bevelSize: 0
      spriteIndex: 0
      corner: 1
    - position: {x: -0.5, y: 0, z: 0}
      leftTangent: {x: 0, y: 0, z: 0}
      rightTangent: {x: 0, y: 0, z: 0}
      mode: 0
      height: 1
      bevelCutoff: 0
      bevelSize: 0
      spriteIndex: 0
      corner: 1
    - position: {x: -0.5, y: 2, z: 0}
      leftTangent: {x: 0, y: 0, z: 0}
      rightTangent: {x: 0, y: 0, z: 0}
      mode: 0
      height: 1
      bevelCutoff: 0
      bevelSize: 0
      spriteIndex: 0
      corner: 1
    - position: {x: 6.5, y: 2, z: 0}
      leftTangent: {x: 0, y: 0, z: 0}
      rightTangent: {x: 0, y: 0, z: 0}
      mode: 0
      height: 1
      bevelCutoff: 0
      bevelSize: 0
      spriteIndex: 0
      corner: 1
  m_SpriteShape: {fileID: 11400000, guid: 5aac4c21acb99b549889d8eb49831471, type: 2}
  m_SplineDetail: 4
  m_AdaptiveUV: 1
  m_UpdateCollider: 1
  m_ColliderDetail: 4
  m_ColliderOffset: 0
  m_ColliderCornerType: 0
--- !u!114 &9061234572939012385
MonoBehaviour:
  m_ObjectHideFlags: 0
  m_CorrespondingSourceObject: {fileID: 0}
  m_PrefabInstance: {fileID: 0}
  m_PrefabAsset: {fileID: 0}
  m_GameObject: {fileID: 6963924514666064789}
  m_Enabled: 1
  m_EditorHideFlags: 0
  m_Script: {fileID: 11500000, guid: 177389af927b442458cfb0c04be1bf01, type: 3}
  m_Name: 
  m_EditorClassIdentifier: 
  key: SpriteShapeTerrain
  isPooled: 0
--- !u!114 &7691697552005889295
MonoBehaviour:
  m_ObjectHideFlags: 0
  m_CorrespondingSourceObject: {fileID: 0}
  m_PrefabInstance: {fileID: 0}
  m_PrefabAsset: {fileID: 0}
  m_GameObject: {fileID: 6963924514666064789}
  m_Enabled: 1
  m_EditorHideFlags: 0
  m_Script: {fileID: 11500000, guid: 6de6ad778ff67df429ee5b471e8eacca, type: 3}
  m_Name: 
  m_EditorClassIdentifier: 
  style: 2
--- !u!114 &5869965936059234373
MonoBehaviour:
  m_ObjectHideFlags: 0
  m_CorrespondingSourceObject: {fileID: 0}
  m_PrefabInstance: {fileID: 0}
  m_PrefabAsset: {fileID: 0}
  m_GameObject: {fileID: 6963924514666064789}
  m_Enabled: 1
  m_EditorHideFlags: 0
  m_Script: {fileID: 11500000, guid: 58f389db044184a439075c6da3136d68, type: 3}
  m_Name: 
  m_EditorClassIdentifier: 
  onBackground:
    m_PersistentCalls:
      m_Calls: []
    m_TypeName: UnityEventMaterial, Assembly-CSharp, Version=1.0.0.0, Culture=neutral,
      PublicKeyToken=null
  onBackGodray:
    m_PersistentCalls:
      m_Calls: []
    m_TypeName: UnityEventMaterial, Assembly-CSharp, Version=1.0.0.0, Culture=neutral,
      PublicKeyToken=null
  onFrontalGodray:
    m_PersistentCalls:
      m_Calls: []
    m_TypeName: UnityEventMaterial, Assembly-CSharp, Version=1.0.0.0, Culture=neutral,
      PublicKeyToken=null
  onSpriteShape:
    m_PersistentCalls:
      m_Calls:
      - m_Target: {fileID: 8934992893004575999}
        m_MethodName: set_spriteShape
        m_Mode: 0
        m_Arguments:
          m_ObjectArgument: {fileID: 0}
          m_ObjectArgumentAssemblyTypeName: UnityEngine.Object, UnityEngine
          m_IntArgument: 0
          m_FloatArgument: 0
          m_StringArgument: 
          m_BoolArgument: 0
        m_CallState: 2
    m_TypeName: UnityEventSpriteShape, Assembly-CSharp, Version=1.0.0.0, Culture=neutral,
      PublicKeyToken=null
--- !u!1 &7166884057708918927
GameObject:
  m_ObjectHideFlags: 0
  m_CorrespondingSourceObject: {fileID: 0}
  m_PrefabInstance: {fileID: 0}
  m_PrefabAsset: {fileID: 0}
  serializedVersion: 6
  m_Component:
  - component: {fileID: 6880089743991511554}
  - component: {fileID: 3588590417177399118}
  - component: {fileID: 3216112501087293147}
  - component: {fileID: 7623100998457246512}
  - component: {fileID: 4075861966241245570}
  - component: {fileID: 3975724515481401463}
  - component: {fileID: 6073233695781146476}
  m_Layer: 0
  m_Name: SpriteShapeFromTerrain(Clone)
  m_TagString: Untagged
  m_Icon: {fileID: 0}
  m_NavMeshLayer: 0
  m_StaticEditorFlags: 0
  m_IsActive: 1
--- !u!4 &6880089743991511554
Transform:
  m_ObjectHideFlags: 0
  m_CorrespondingSourceObject: {fileID: 0}
  m_PrefabInstance: {fileID: 0}
  m_PrefabAsset: {fileID: 0}
  m_GameObject: {fileID: 7166884057708918927}
  m_LocalRotation: {x: -0, y: -0, z: -0, w: 1}
  m_LocalPosition: {x: 0, y: 0, z: 0}
  m_LocalScale: {x: 1, y: 1, z: 1}
  m_Children:
  - {fileID: 9044960436243799019}
  m_Father: {fileID: 1043039271441947154}
  m_RootOrder: 1
  m_LocalEulerAnglesHint: {x: 0, y: 0, z: 0}
--- !u!114 &3588590417177399118
MonoBehaviour:
  m_ObjectHideFlags: 0
  m_CorrespondingSourceObject: {fileID: 0}
  m_PrefabInstance: {fileID: 0}
  m_PrefabAsset: {fileID: 0}
  m_GameObject: {fileID: 7166884057708918927}
  m_Enabled: 1
  m_EditorHideFlags: 0
  m_Script: {fileID: 11500000, guid: b04164830fd4b32459a659f5cc2bb5ba, type: 3}
  m_Name: 
  m_EditorClassIdentifier: 
  spriteShape: {fileID: 3216112501087293147}
  spriteShapeController: {fileID: 7623100998457246512}
--- !u!1971053207 &3216112501087293147
SpriteShapeRenderer:
  m_ObjectHideFlags: 0
  m_CorrespondingSourceObject: {fileID: 0}
  m_PrefabInstance: {fileID: 0}
  m_PrefabAsset: {fileID: 0}
  m_GameObject: {fileID: 7166884057708918927}
  m_Enabled: 1
  m_CastShadows: 1
  m_ReceiveShadows: 1
  m_DynamicOccludee: 0
  m_MotionVectors: 1
  m_LightProbeUsage: 1
  m_ReflectionProbeUsage: 1
  m_RenderingLayerMask: 1
  m_RendererPriority: 0
  m_Materials:
  - {fileID: 10754, guid: 0000000000000000f000000000000000, type: 0}
  m_StaticBatchInfo:
    firstSubMesh: 0
    subMeshCount: 0
  m_StaticBatchRoot: {fileID: 0}
  m_ProbeAnchor: {fileID: 0}
  m_LightProbeVolumeOverride: {fileID: 0}
  m_ScaleInLightmap: 1
  m_PreserveUVs: 0
  m_IgnoreNormalsForChartDetection: 0
  m_ImportantGI: 0
  m_StitchLightmapSeams: 0
  m_SelectedEditorRenderState: 0
  m_MinimumChartSize: 4
  m_AutoUVMaxDistance: 0.5
  m_AutoUVMaxAngle: 89
  m_LightmapParameters: {fileID: 0}
  m_SortingLayerID: 0
  m_SortingLayer: 0
  m_SortingOrder: 0
  m_Color: {r: 1, g: 1, b: 1, a: 1}
  m_MaskInteraction: 0
  m_ShapeTexture: {fileID: 2800000, guid: 821b20a69e1cce4408fb66926492c20f, type: 3}
  m_Sprites:
  - {fileID: 21300022, guid: 32f5350ae16ffb241afda19dc483918f, type: 3}
  - {fileID: 21300010, guid: 32f5350ae16ffb241afda19dc483918f, type: 3}
  - {fileID: 21300002, guid: 32f5350ae16ffb241afda19dc483918f, type: 3}
  - {fileID: 21300014, guid: 32f5350ae16ffb241afda19dc483918f, type: 3}
  - {fileID: 21300000, guid: 32f5350ae16ffb241afda19dc483918f, type: 3}
  - {fileID: 21300004, guid: 32f5350ae16ffb241afda19dc483918f, type: 3}
  - {fileID: 21300012, guid: 32f5350ae16ffb241afda19dc483918f, type: 3}
  - {fileID: 21300016, guid: 32f5350ae16ffb241afda19dc483918f, type: 3}
  - {fileID: 21300020, guid: 32f5350ae16ffb241afda19dc483918f, type: 3}
  - {fileID: 21300018, guid: 32f5350ae16ffb241afda19dc483918f, type: 3}
  - {fileID: 21300008, guid: 32f5350ae16ffb241afda19dc483918f, type: 3}
  - {fileID: 21300006, guid: 32f5350ae16ffb241afda19dc483918f, type: 3}
  m_LocalAABB:
    m_Center: {x: 7.749999, y: 10.5, z: -0.002}
    m_Extent: {x: 1.3200006, y: 10.82, z: 0.002}
--- !u!114 &7623100998457246512
MonoBehaviour:
  m_ObjectHideFlags: 0
  m_CorrespondingSourceObject: {fileID: 0}
  m_PrefabInstance: {fileID: 0}
  m_PrefabAsset: {fileID: 0}
  m_GameObject: {fileID: 7166884057708918927}
  m_Enabled: 1
  m_EditorHideFlags: 0
  m_Script: {fileID: 11500000, guid: 90539df1cd5704abcb25fec9f3f5f84b, type: 3}
  m_Name: 
  m_EditorClassIdentifier: 
  m_Spline:
    m_IsOpenEnded: 0
    m_ControlPoints:
    - position: {x: 8.75, y: 0, z: 0}
      leftTangent: {x: 0, y: 0, z: 0}
      rightTangent: {x: 0, y: 0, z: 0}
      mode: 0
      height: 1
      bevelCutoff: 0
      bevelSize: 0
      spriteIndex: 0
      corner: 1
    - position: {x: 6.75, y: 0, z: 0}
      leftTangent: {x: 0, y: 0, z: 0}
      rightTangent: {x: 0, y: 0, z: 0}
      mode: 0
      height: 1
      bevelCutoff: 0
      bevelSize: 0
      spriteIndex: 0
      corner: 1
    - position: {x: 6.75, y: 21, z: 0}
      leftTangent: {x: 0, y: 0, z: 0}
      rightTangent: {x: 0, y: 0, z: 0}
      mode: 0
      height: 1
      bevelCutoff: 0
      bevelSize: 0
      spriteIndex: 0
      corner: 1
    - position: {x: 8.75, y: 21, z: 0}
      leftTangent: {x: 0, y: 0, z: 0}
      rightTangent: {x: 0, y: 0, z: 0}
      mode: 0
      height: 1
      bevelCutoff: 0
      bevelSize: 0
      spriteIndex: 0
      corner: 1
  m_SpriteShape: {fileID: 11400000, guid: 5aac4c21acb99b549889d8eb49831471, type: 2}
  m_SplineDetail: 4
  m_AdaptiveUV: 1
  m_UpdateCollider: 1
  m_ColliderDetail: 4
  m_ColliderOffset: 0
  m_ColliderCornerType: 0
--- !u!114 &4075861966241245570
MonoBehaviour:
  m_ObjectHideFlags: 0
  m_CorrespondingSourceObject: {fileID: 0}
  m_PrefabInstance: {fileID: 0}
  m_PrefabAsset: {fileID: 0}
  m_GameObject: {fileID: 7166884057708918927}
  m_Enabled: 1
  m_EditorHideFlags: 0
  m_Script: {fileID: 11500000, guid: 177389af927b442458cfb0c04be1bf01, type: 3}
  m_Name: 
  m_EditorClassIdentifier: 
  key: SpriteShapeTerrain
  isPooled: 0
--- !u!114 &3975724515481401463
MonoBehaviour:
  m_ObjectHideFlags: 0
  m_CorrespondingSourceObject: {fileID: 0}
  m_PrefabInstance: {fileID: 0}
  m_PrefabAsset: {fileID: 0}
  m_GameObject: {fileID: 7166884057708918927}
  m_Enabled: 1
  m_EditorHideFlags: 0
  m_Script: {fileID: 11500000, guid: 6de6ad778ff67df429ee5b471e8eacca, type: 3}
  m_Name: 
  m_EditorClassIdentifier: 
  style: 2
--- !u!114 &6073233695781146476
MonoBehaviour:
  m_ObjectHideFlags: 0
  m_CorrespondingSourceObject: {fileID: 0}
  m_PrefabInstance: {fileID: 0}
  m_PrefabAsset: {fileID: 0}
  m_GameObject: {fileID: 7166884057708918927}
  m_Enabled: 1
  m_EditorHideFlags: 0
  m_Script: {fileID: 11500000, guid: 58f389db044184a439075c6da3136d68, type: 3}
  m_Name: 
  m_EditorClassIdentifier: 
  onBackground:
    m_PersistentCalls:
      m_Calls: []
    m_TypeName: UnityEventMaterial, Assembly-CSharp, Version=1.0.0.0, Culture=neutral,
      PublicKeyToken=null
  onBackGodray:
    m_PersistentCalls:
      m_Calls: []
    m_TypeName: UnityEventMaterial, Assembly-CSharp, Version=1.0.0.0, Culture=neutral,
      PublicKeyToken=null
  onFrontalGodray:
    m_PersistentCalls:
      m_Calls: []
    m_TypeName: UnityEventMaterial, Assembly-CSharp, Version=1.0.0.0, Culture=neutral,
      PublicKeyToken=null
  onSpriteShape:
    m_PersistentCalls:
      m_Calls:
      - m_Target: {fileID: 7623100998457246512}
        m_MethodName: set_spriteShape
        m_Mode: 0
        m_Arguments:
          m_ObjectArgument: {fileID: 0}
          m_ObjectArgumentAssemblyTypeName: UnityEngine.Object, UnityEngine
          m_IntArgument: 0
          m_FloatArgument: 0
          m_StringArgument: 
          m_BoolArgument: 0
        m_CallState: 2
    m_TypeName: UnityEventSpriteShape, Assembly-CSharp, Version=1.0.0.0, Culture=neutral,
      PublicKeyToken=null
--- !u!1 &7185182125562120196
GameObject:
  m_ObjectHideFlags: 0
  m_CorrespondingSourceObject: {fileID: 0}
  m_PrefabInstance: {fileID: 0}
  m_PrefabAsset: {fileID: 0}
  serializedVersion: 6
  m_Component:
  - component: {fileID: 5246696969836748273}
  m_Layer: 0
  m_Name: CoinSpawn (1)
  m_TagString: Untagged
  m_Icon: {fileID: 0}
  m_NavMeshLayer: 0
  m_StaticEditorFlags: 0
  m_IsActive: 1
--- !u!4 &5246696969836748273
Transform:
  m_ObjectHideFlags: 0
  m_CorrespondingSourceObject: {fileID: 0}
  m_PrefabInstance: {fileID: 0}
  m_PrefabAsset: {fileID: 0}
  m_GameObject: {fileID: 7185182125562120196}
  m_LocalRotation: {x: -0, y: -0, z: -0, w: 1}
  m_LocalPosition: {x: 4, y: 4, z: 0}
  m_LocalScale: {x: 1, y: 1, z: 1}
  m_Children: []
  m_Father: {fileID: 3848103952352888077}
  m_RootOrder: 1
  m_LocalEulerAnglesHint: {x: 0, y: 0, z: 0}
--- !u!114 &4925452203974432636
MonoBehaviour:
  m_ObjectHideFlags: 0
  m_CorrespondingSourceObject: {fileID: 0}
  m_PrefabInstance: {fileID: 0}
  m_PrefabAsset: {fileID: 0}
  m_GameObject: {fileID: 8427977032035740284}
  m_Enabled: 1
  m_EditorHideFlags: 0
  m_Script: {fileID: 11500000, guid: 064733cdc6a99124cbcda82434bf8ea3, type: 3}
  m_Name: 
  m_EditorClassIdentifier: 
  sTags:
  - {fileID: 11400000, guid: 7c385b3630b84c745b7baf55ef398d20, type: 2}
--- !u!1 &8581303901055951220
GameObject:
  m_ObjectHideFlags: 0
  m_CorrespondingSourceObject: {fileID: 0}
  m_PrefabInstance: {fileID: 0}
  m_PrefabAsset: {fileID: 0}
  serializedVersion: 6
  m_Component:
  - component: {fileID: 4721747425020098702}
  m_Layer: 0
  m_Name: GameObject
  m_TagString: Untagged
  m_Icon: {fileID: 0}
  m_NavMeshLayer: 0
  m_StaticEditorFlags: 0
  m_IsActive: 1
--- !u!4 &4721747425020098702
Transform:
  m_ObjectHideFlags: 0
  m_CorrespondingSourceObject: {fileID: 0}
  m_PrefabInstance: {fileID: 0}
  m_PrefabAsset: {fileID: 0}
  m_GameObject: {fileID: 8581303901055951220}
  m_LocalRotation: {x: 0, y: 0, z: 0, w: 1}
  m_LocalPosition: {x: 0, y: 0, z: 0}
  m_LocalScale: {x: 1, y: 1, z: 1}
  m_Children: []
  m_Father: {fileID: 8446023111470199365}
  m_RootOrder: 0
  m_LocalEulerAnglesHint: {x: 0, y: 0, z: 0}
--- !u!1 &8617111217863599362
GameObject:
  m_ObjectHideFlags: 0
  m_CorrespondingSourceObject: {fileID: 0}
  m_PrefabInstance: {fileID: 0}
  m_PrefabAsset: {fileID: 0}
  serializedVersion: 6
  m_Component:
  - component: {fileID: 3845701090868792512}
  m_Layer: 0
  m_Name: CoinSpawn (2)
  m_TagString: Untagged
  m_Icon: {fileID: 0}
  m_NavMeshLayer: 0
  m_StaticEditorFlags: 0
  m_IsActive: 1
--- !u!4 &3845701090868792512
Transform:
  m_ObjectHideFlags: 0
  m_CorrespondingSourceObject: {fileID: 0}
  m_PrefabInstance: {fileID: 0}
  m_PrefabAsset: {fileID: 0}
  m_GameObject: {fileID: 8617111217863599362}
  m_LocalRotation: {x: -0, y: -0, z: -0, w: 1}
  m_LocalPosition: {x: 4, y: 18, z: 0}
  m_LocalScale: {x: 1, y: 1, z: 1}
  m_Children: []
  m_Father: {fileID: 3848103952352888077}
  m_RootOrder: 2
  m_LocalEulerAnglesHint: {x: 0, y: 0, z: 0}
--- !u!1001 &966598354815193279
PrefabInstance:
  m_ObjectHideFlags: 0
  serializedVersion: 2
  m_Modification:
    m_TransformParent: {fileID: 7741759407481943346}
    m_Modifications:
    - target: {fileID: 162578901794175301, guid: 7db5d8bbaf27c0847b453671996229a7,
        type: 3}
      propertyPath: m_Name
      value: WallCannon (4)
      objectReference: {fileID: 0}
    - target: {fileID: 2804596320612107015, guid: 7db5d8bbaf27c0847b453671996229a7,
        type: 3}
      propertyPath: m_LocalPosition.x
      value: 5
      objectReference: {fileID: 0}
    - target: {fileID: 2804596320612107015, guid: 7db5d8bbaf27c0847b453671996229a7,
        type: 3}
      propertyPath: m_LocalPosition.y
      value: 1.75
      objectReference: {fileID: 0}
    - target: {fileID: 2804596320612107015, guid: 7db5d8bbaf27c0847b453671996229a7,
        type: 3}
      propertyPath: m_LocalPosition.z
      value: 0
      objectReference: {fileID: 0}
    - target: {fileID: 2804596320612107015, guid: 7db5d8bbaf27c0847b453671996229a7,
        type: 3}
      propertyPath: m_LocalRotation.x
      value: -0
      objectReference: {fileID: 0}
    - target: {fileID: 2804596320612107015, guid: 7db5d8bbaf27c0847b453671996229a7,
        type: 3}
      propertyPath: m_LocalRotation.y
      value: -0
      objectReference: {fileID: 0}
    - target: {fileID: 2804596320612107015, guid: 7db5d8bbaf27c0847b453671996229a7,
        type: 3}
      propertyPath: m_LocalRotation.z
      value: 0.7071068
      objectReference: {fileID: 0}
    - target: {fileID: 2804596320612107015, guid: 7db5d8bbaf27c0847b453671996229a7,
        type: 3}
      propertyPath: m_LocalRotation.w
      value: 0.7071068
      objectReference: {fileID: 0}
    - target: {fileID: 2804596320612107015, guid: 7db5d8bbaf27c0847b453671996229a7,
        type: 3}
      propertyPath: m_RootOrder
      value: 7
      objectReference: {fileID: 0}
    - target: {fileID: 2804596320612107015, guid: 7db5d8bbaf27c0847b453671996229a7,
        type: 3}
      propertyPath: m_LocalEulerAnglesHint.x
      value: 0
      objectReference: {fileID: 0}
    - target: {fileID: 2804596320612107015, guid: 7db5d8bbaf27c0847b453671996229a7,
        type: 3}
      propertyPath: m_LocalEulerAnglesHint.y
      value: 0
      objectReference: {fileID: 0}
    - target: {fileID: 2804596320612107015, guid: 7db5d8bbaf27c0847b453671996229a7,
        type: 3}
      propertyPath: m_LocalEulerAnglesHint.z
      value: 90.00001
      objectReference: {fileID: 0}
    - target: {fileID: 6507100759729708205, guid: 7db5d8bbaf27c0847b453671996229a7,
        type: 3}
      propertyPath: timeOffset
      value: 0.5
      objectReference: {fileID: 0}
    m_RemovedComponents: []
  m_SourcePrefab: {fileID: 100100000, guid: 7db5d8bbaf27c0847b453671996229a7, type: 3}
--- !u!1 &1093130832200509946 stripped
GameObject:
  m_CorrespondingSourceObject: {fileID: 162578901794175301, guid: 7db5d8bbaf27c0847b453671996229a7,
    type: 3}
  m_PrefabInstance: {fileID: 966598354815193279}
  m_PrefabAsset: {fileID: 0}
--- !u!1001 &1065236162385195347
PrefabInstance:
  m_ObjectHideFlags: 0
  serializedVersion: 2
  m_Modification:
    m_TransformParent: {fileID: 0}
    m_Modifications:
    - target: {fileID: 5283026989369964200, guid: 2da8bd84b59ae214a9a27648cfbd8fd9,
        type: 3}
      propertyPath: m_Name
      value: Module_D1_N68__Platform_WallCannon
      objectReference: {fileID: 0}
    - target: {fileID: 257313602812733186, guid: 2da8bd84b59ae214a9a27648cfbd8fd9,
        type: 3}
      propertyPath: tags.Array.size
      value: 2
      objectReference: {fileID: 0}
    - target: {fileID: 257313602812733186, guid: 2da8bd84b59ae214a9a27648cfbd8fd9,
        type: 3}
      propertyPath: tags.Array.data[1]
      value: 
      objectReference: {fileID: 11400000, guid: 7c385b3630b84c745b7baf55ef398d20,
        type: 2}
    - target: {fileID: 1988994009404027310, guid: 2da8bd84b59ae214a9a27648cfbd8fd9,
        type: 3}
      propertyPath: coinSpawnPoints.Array.size
      value: 5
      objectReference: {fileID: 0}
    - target: {fileID: 1988994009404027310, guid: 2da8bd84b59ae214a9a27648cfbd8fd9,
        type: 3}
      propertyPath: checkpointsPoints.Array.size
      value: 1
      objectReference: {fileID: 0}
    - target: {fileID: 1988994009404027310, guid: 2da8bd84b59ae214a9a27648cfbd8fd9,
        type: 3}
      propertyPath: coinSpawnPoints.Array.data[1]
      value: 
      objectReference: {fileID: 5246696969836748273}
    - target: {fileID: 1988994009404027310, guid: 2da8bd84b59ae214a9a27648cfbd8fd9,
        type: 3}
      propertyPath: coinSpawnPoints.Array.data[2]
      value: 
      objectReference: {fileID: 3845701090868792512}
    - target: {fileID: 1988994009404027310, guid: 2da8bd84b59ae214a9a27648cfbd8fd9,
        type: 3}
      propertyPath: moduleHeight
      value: 21
      objectReference: {fileID: 0}
    - target: {fileID: 1988994009404027310, guid: 2da8bd84b59ae214a9a27648cfbd8fd9,
        type: 3}
      propertyPath: checkpointsPoints.Array.data[1]
      value: 
      objectReference: {fileID: 0}
    - target: {fileID: 1988994009404027310, guid: 2da8bd84b59ae214a9a27648cfbd8fd9,
        type: 3}
      propertyPath: checkpointsPoints.Array.data[2]
      value: 
      objectReference: {fileID: 0}
    - target: {fileID: 1988994009404027310, guid: 2da8bd84b59ae214a9a27648cfbd8fd9,
        type: 3}
      propertyPath: checkpointsPoints.Array.data[3]
      value: 
      objectReference: {fileID: 0}
    - target: {fileID: 1988994009404027310, guid: 2da8bd84b59ae214a9a27648cfbd8fd9,
        type: 3}
      propertyPath: checkpointsPoints.Array.data[4]
      value: 
      objectReference: {fileID: 0}
    - target: {fileID: 1988994009404027310, guid: 2da8bd84b59ae214a9a27648cfbd8fd9,
        type: 3}
      propertyPath: checkpointsPoints.Array.data[5]
      value: 
      objectReference: {fileID: 0}
    - target: {fileID: 1988994009404027310, guid: 2da8bd84b59ae214a9a27648cfbd8fd9,
        type: 3}
      propertyPath: coinSpawnPoints.Array.data[3]
      value: 
      objectReference: {fileID: 3061434301390997610}
    - target: {fileID: 1988994009404027310, guid: 2da8bd84b59ae214a9a27648cfbd8fd9,
        type: 3}
      propertyPath: coinSpawnPoints.Array.data[4]
      value: 
      objectReference: {fileID: 3972109684147438949}
    - target: {fileID: 1988994009404027310, guid: 2da8bd84b59ae214a9a27648cfbd8fd9,
        type: 3}
      propertyPath: difficulty
      value: 2
      objectReference: {fileID: 0}
    - target: {fileID: 6133407557284447420, guid: 2da8bd84b59ae214a9a27648cfbd8fd9,
        type: 3}
      propertyPath: m_LocalPosition.x
      value: 0
      objectReference: {fileID: 0}
    - target: {fileID: 6133407557284447420, guid: 2da8bd84b59ae214a9a27648cfbd8fd9,
        type: 3}
      propertyPath: m_LocalPosition.y
      value: 0
      objectReference: {fileID: 0}
    - target: {fileID: 6133407557284447420, guid: 2da8bd84b59ae214a9a27648cfbd8fd9,
        type: 3}
      propertyPath: m_LocalPosition.z
      value: 0
      objectReference: {fileID: 0}
    - target: {fileID: 6133407557284447420, guid: 2da8bd84b59ae214a9a27648cfbd8fd9,
        type: 3}
      propertyPath: m_LocalRotation.x
      value: 0
      objectReference: {fileID: 0}
    - target: {fileID: 6133407557284447420, guid: 2da8bd84b59ae214a9a27648cfbd8fd9,
        type: 3}
      propertyPath: m_LocalRotation.y
      value: 0
      objectReference: {fileID: 0}
    - target: {fileID: 6133407557284447420, guid: 2da8bd84b59ae214a9a27648cfbd8fd9,
        type: 3}
      propertyPath: m_LocalRotation.z
      value: 0
      objectReference: {fileID: 0}
    - target: {fileID: 6133407557284447420, guid: 2da8bd84b59ae214a9a27648cfbd8fd9,
        type: 3}
      propertyPath: m_LocalRotation.w
      value: 1
      objectReference: {fileID: 0}
    - target: {fileID: 6133407557284447420, guid: 2da8bd84b59ae214a9a27648cfbd8fd9,
        type: 3}
      propertyPath: m_RootOrder
      value: 0
      objectReference: {fileID: 0}
    - target: {fileID: 6133407557284447420, guid: 2da8bd84b59ae214a9a27648cfbd8fd9,
        type: 3}
      propertyPath: m_LocalEulerAnglesHint.x
      value: 0
      objectReference: {fileID: 0}
    - target: {fileID: 6133407557284447420, guid: 2da8bd84b59ae214a9a27648cfbd8fd9,
        type: 3}
      propertyPath: m_LocalEulerAnglesHint.y
      value: 0
      objectReference: {fileID: 0}
    - target: {fileID: 6133407557284447420, guid: 2da8bd84b59ae214a9a27648cfbd8fd9,
        type: 3}
      propertyPath: m_LocalEulerAnglesHint.z
      value: 0
      objectReference: {fileID: 0}
    - target: {fileID: 6965519556297086995, guid: 2da8bd84b59ae214a9a27648cfbd8fd9,
        type: 3}
      propertyPath: exits.Array.data[0]
      value: 0
      objectReference: {fileID: 0}
    - target: {fileID: 6965519556297086995, guid: 2da8bd84b59ae214a9a27648cfbd8fd9,
        type: 3}
      propertyPath: exits.Array.data[1]
      value: 0
      objectReference: {fileID: 0}
    - target: {fileID: 6965519556297086995, guid: 2da8bd84b59ae214a9a27648cfbd8fd9,
        type: 3}
      propertyPath: entrances.Array.data[0]
      value: 1
      objectReference: {fileID: 0}
    - target: {fileID: 6965519556297086995, guid: 2da8bd84b59ae214a9a27648cfbd8fd9,
        type: 3}
      propertyPath: entrances.Array.data[1]
      value: 0
      objectReference: {fileID: 0}
    - target: {fileID: 6965519556297086995, guid: 2da8bd84b59ae214a9a27648cfbd8fd9,
        type: 3}
      propertyPath: entrances.Array.data[2]
      value: 0
      objectReference: {fileID: 0}
    - target: {fileID: 271974000785771651, guid: 2da8bd84b59ae214a9a27648cfbd8fd9,
        type: 3}
      propertyPath: m_LocalPosition.y
      value: 5
      objectReference: {fileID: 0}
    - target: {fileID: 271974000785771651, guid: 2da8bd84b59ae214a9a27648cfbd8fd9,
        type: 3}
      propertyPath: m_LocalPosition.x
      value: 3
      objectReference: {fileID: 0}
    - target: {fileID: 3384148382625919976, guid: 2da8bd84b59ae214a9a27648cfbd8fd9,
        type: 3}
      propertyPath: m_Size.y
      value: 2.25
      objectReference: {fileID: 0}
    - target: {fileID: 3384148382625919976, guid: 2da8bd84b59ae214a9a27648cfbd8fd9,
        type: 3}
      propertyPath: m_Size.x
      value: 3.9166665
      objectReference: {fileID: 0}
    - target: {fileID: 3452351649356049477, guid: 2da8bd84b59ae214a9a27648cfbd8fd9,
        type: 3}
      propertyPath: m_Size.y
      value: 2.25
      objectReference: {fileID: 0}
    - target: {fileID: 3452351649356049477, guid: 2da8bd84b59ae214a9a27648cfbd8fd9,
        type: 3}
      propertyPath: m_Size.x
      value: 3.9166665
      objectReference: {fileID: 0}
    - target: {fileID: 4300740338812449886, guid: 2da8bd84b59ae214a9a27648cfbd8fd9,
        type: 3}
      propertyPath: m_RootOrder
      value: 2
      objectReference: {fileID: 0}
    - target: {fileID: 4300740338812449886, guid: 2da8bd84b59ae214a9a27648cfbd8fd9,
        type: 3}
      propertyPath: m_LocalPosition.y
      value: 1.1499996
      objectReference: {fileID: 0}
    - target: {fileID: 5410072982745533799, guid: 2da8bd84b59ae214a9a27648cfbd8fd9,
        type: 3}
      propertyPath: m_LocalPosition.y
      value: 0
      objectReference: {fileID: 0}
    - target: {fileID: 6305047697111257453, guid: 2da8bd84b59ae214a9a27648cfbd8fd9,
        type: 3}
      propertyPath: bounds.m_Extent.y
      value: 12.35
      objectReference: {fileID: 0}
    - target: {fileID: 6305047697111257453, guid: 2da8bd84b59ae214a9a27648cfbd8fd9,
        type: 3}
      propertyPath: bounds.m_Center.y
      value: 12.35
      objectReference: {fileID: 0}
    - target: {fileID: 6086862004868259552, guid: 2da8bd84b59ae214a9a27648cfbd8fd9,
        type: 3}
      propertyPath: lineRenderers.Array.size
      value: 4
      objectReference: {fileID: 0}
    - target: {fileID: 6086862004868259552, guid: 2da8bd84b59ae214a9a27648cfbd8fd9,
        type: 3}
      propertyPath: lineRenderers.Array.data[0]
      value: 
      objectReference: {fileID: 6712657797563496618}
    - target: {fileID: 6086862004868259552, guid: 2da8bd84b59ae214a9a27648cfbd8fd9,
        type: 3}
      propertyPath: lineRenderers.Array.data[1]
      value: 
      objectReference: {fileID: 5470746066800352660}
    - target: {fileID: 6086862004868259552, guid: 2da8bd84b59ae214a9a27648cfbd8fd9,
        type: 3}
      propertyPath: lineRenderers.Array.data[2]
      value: 
      objectReference: {fileID: 5591737823960903354}
    - target: {fileID: 6086862004868259552, guid: 2da8bd84b59ae214a9a27648cfbd8fd9,
        type: 3}
      propertyPath: lineRenderers.Array.data[3]
      value: 
      objectReference: {fileID: 6472199999765895304}
    - target: {fileID: 7748877989398552172, guid: 2da8bd84b59ae214a9a27648cfbd8fd9,
        type: 3}
      propertyPath: m_Size.y
      value: 2.25
      objectReference: {fileID: 0}
    - target: {fileID: 7748877989398552172, guid: 2da8bd84b59ae214a9a27648cfbd8fd9,
        type: 3}
      propertyPath: m_Size.x
      value: 3.9166665
      objectReference: {fileID: 0}
    - target: {fileID: 7266742054102463878, guid: 2da8bd84b59ae214a9a27648cfbd8fd9,
        type: 3}
      propertyPath: m_Size.y
      value: 2.25
      objectReference: {fileID: 0}
    - target: {fileID: 7266742054102463878, guid: 2da8bd84b59ae214a9a27648cfbd8fd9,
        type: 3}
      propertyPath: m_Size.x
      value: 3.9166665
      objectReference: {fileID: 0}
    - target: {fileID: 7329673868436653153, guid: 2da8bd84b59ae214a9a27648cfbd8fd9,
        type: 3}
      propertyPath: m_LocalPosition.y
      value: 0
      objectReference: {fileID: 0}
    - target: {fileID: 8924940155185061171, guid: 2da8bd84b59ae214a9a27648cfbd8fd9,
        type: 3}
      propertyPath: m_Size.y
      value: 2.25
      objectReference: {fileID: 0}
    - target: {fileID: 8924940155185061171, guid: 2da8bd84b59ae214a9a27648cfbd8fd9,
        type: 3}
      propertyPath: m_Size.x
      value: 3.9166665
      objectReference: {fileID: 0}
    - target: {fileID: 8140945441881870758, guid: 2da8bd84b59ae214a9a27648cfbd8fd9,
        type: 3}
      propertyPath: m_Size.y
      value: 2.25
      objectReference: {fileID: 0}
    - target: {fileID: 8140945441881870758, guid: 2da8bd84b59ae214a9a27648cfbd8fd9,
        type: 3}
      propertyPath: m_Size.x
      value: 3.9166665
      objectReference: {fileID: 0}
    - target: {fileID: 1403181435142272207, guid: 2da8bd84b59ae214a9a27648cfbd8fd9,
        type: 3}
      propertyPath: m_LocalPosition.y
      value: 10.5
      objectReference: {fileID: 0}
    - target: {fileID: 1403181435142272207, guid: 2da8bd84b59ae214a9a27648cfbd8fd9,
        type: 3}
      propertyPath: m_LocalPosition.x
      value: 7.75
      objectReference: {fileID: 0}
    - target: {fileID: 2457017947174396094, guid: 2da8bd84b59ae214a9a27648cfbd8fd9,
        type: 3}
      propertyPath: m_LocalPosition.y
      value: 10.5
      objectReference: {fileID: 0}
    - target: {fileID: 2457017947174396094, guid: 2da8bd84b59ae214a9a27648cfbd8fd9,
        type: 3}
      propertyPath: m_LocalPosition.x
      value: -7.75
      objectReference: {fileID: 0}
    - target: {fileID: 3924545098802868901, guid: 2da8bd84b59ae214a9a27648cfbd8fd9,
        type: 3}
      propertyPath: m_LocalPosition.y
      value: 9.65
      objectReference: {fileID: 0}
    - target: {fileID: 3924545098802868901, guid: 2da8bd84b59ae214a9a27648cfbd8fd9,
        type: 3}
      propertyPath: m_LocalPosition.x
      value: -0.00000047683716
      objectReference: {fileID: 0}
    - target: {fileID: 5600551348066909363, guid: 2da8bd84b59ae214a9a27648cfbd8fd9,
        type: 3}
      propertyPath: m_LocalPosition.y
      value: 9.65
      objectReference: {fileID: 0}
    - target: {fileID: 5600551348066909363, guid: 2da8bd84b59ae214a9a27648cfbd8fd9,
        type: 3}
      propertyPath: m_LocalPosition.x
      value: -4.666667
      objectReference: {fileID: 0}
    - target: {fileID: 6314319615969089397, guid: 2da8bd84b59ae214a9a27648cfbd8fd9,
        type: 3}
      propertyPath: m_IsActive
      value: 1
      objectReference: {fileID: 0}
    - target: {fileID: 6086862004868259565, guid: 2da8bd84b59ae214a9a27648cfbd8fd9,
        type: 3}
      propertyPath: m_IsActive
      value: 1
      objectReference: {fileID: 0}
    - target: {fileID: 6086862003929260630, guid: 2da8bd84b59ae214a9a27648cfbd8fd9,
        type: 3}
      propertyPath: m_LocalPosition.y
      value: 0
      objectReference: {fileID: 0}
    - target: {fileID: 6086862003929260630, guid: 2da8bd84b59ae214a9a27648cfbd8fd9,
        type: 3}
      propertyPath: m_LocalPosition.z
      value: -0.1
      objectReference: {fileID: 0}
    - target: {fileID: 7961142355010860864, guid: 2da8bd84b59ae214a9a27648cfbd8fd9,
        type: 3}
      propertyPath: m_LocalPosition.y
      value: -8.35
      objectReference: {fileID: 0}
    - target: {fileID: 7961142355010860864, guid: 2da8bd84b59ae214a9a27648cfbd8fd9,
        type: 3}
      propertyPath: m_LocalPosition.x
      value: -4.666667
      objectReference: {fileID: 0}
    - target: {fileID: 7933516675562778912, guid: 2da8bd84b59ae214a9a27648cfbd8fd9,
        type: 3}
      propertyPath: m_LocalPosition.y
      value: -8.35
      objectReference: {fileID: 0}
    - target: {fileID: 7933516675562778912, guid: 2da8bd84b59ae214a9a27648cfbd8fd9,
        type: 3}
      propertyPath: m_LocalPosition.x
      value: 4.666666
      objectReference: {fileID: 0}
    - target: {fileID: 7684353289270364937, guid: 2da8bd84b59ae214a9a27648cfbd8fd9,
        type: 3}
      propertyPath: m_LocalPosition.y
      value: -8.35
      objectReference: {fileID: 0}
    - target: {fileID: 7684353289270364937, guid: 2da8bd84b59ae214a9a27648cfbd8fd9,
        type: 3}
      propertyPath: m_LocalPosition.x
      value: -0.00000047683716
      objectReference: {fileID: 0}
    - target: {fileID: 8271285240381145496, guid: 2da8bd84b59ae214a9a27648cfbd8fd9,
        type: 3}
      propertyPath: m_LocalPosition.y
      value: 9.65
      objectReference: {fileID: 0}
    - target: {fileID: 8271285240381145496, guid: 2da8bd84b59ae214a9a27648cfbd8fd9,
        type: 3}
      propertyPath: m_LocalPosition.x
      value: 4.666666
      objectReference: {fileID: 0}
    - target: {fileID: 1651338319670687055, guid: 2da8bd84b59ae214a9a27648cfbd8fd9,
        type: 3}
      propertyPath: m_Size.y
      value: 21
      objectReference: {fileID: 0}
    - target: {fileID: 2849289453647896894, guid: 2da8bd84b59ae214a9a27648cfbd8fd9,
        type: 3}
      propertyPath: m_Size.y
      value: 21
      objectReference: {fileID: 0}
    - target: {fileID: 639351015212447213, guid: 2da8bd84b59ae214a9a27648cfbd8fd9,
        type: 3}
      propertyPath: m_SpriteTilingProperty.newSize.y
      value: 21
      objectReference: {fileID: 0}
    - target: {fileID: 639351015212447213, guid: 2da8bd84b59ae214a9a27648cfbd8fd9,
        type: 3}
      propertyPath: m_Size.y
      value: 1
      objectReference: {fileID: 0}
    - target: {fileID: 4161150712803287452, guid: 2da8bd84b59ae214a9a27648cfbd8fd9,
        type: 3}
      propertyPath: m_SpriteTilingProperty.newSize.y
      value: 21
      objectReference: {fileID: 0}
    - target: {fileID: 4161150712803287452, guid: 2da8bd84b59ae214a9a27648cfbd8fd9,
        type: 3}
      propertyPath: m_Size.y
      value: 1
      objectReference: {fileID: 0}
    - target: {fileID: 6086862003929260650, guid: 2da8bd84b59ae214a9a27648cfbd8fd9,
        type: 3}
      propertyPath: m_Mesh
      value: 
      objectReference: {fileID: 4300000, guid: 11e282f3db008e044b951148ef6d9e6b, type: 2}
    - target: {fileID: 2129085443969633429, guid: 2da8bd84b59ae214a9a27648cfbd8fd9,
        type: 3}
      propertyPath: m_LocalPosition.y
      value: 21
      objectReference: {fileID: 0}
    m_RemovedComponents: []
  m_SourcePrefab: {fileID: 100100000, guid: 2da8bd84b59ae214a9a27648cfbd8fd9, type: 3}
--- !u!4 &1043039271441947154 stripped
Transform:
  m_CorrespondingSourceObject: {fileID: 50071852840315713, guid: 2da8bd84b59ae214a9a27648cfbd8fd9,
    type: 3}
  m_PrefabInstance: {fileID: 1065236162385195347}
  m_PrefabAsset: {fileID: 0}
--- !u!4 &6534892501011017661 stripped
Transform:
  m_CorrespondingSourceObject: {fileID: 6086862004868259566, guid: 2da8bd84b59ae214a9a27648cfbd8fd9,
    type: 3}
  m_PrefabInstance: {fileID: 1065236162385195347}
  m_PrefabAsset: {fileID: 0}
--- !u!4 &3848103952352888077 stripped
Transform:
  m_CorrespondingSourceObject: {fileID: 4300740338812449886, guid: 2da8bd84b59ae214a9a27648cfbd8fd9,
    type: 3}
  m_PrefabInstance: {fileID: 1065236162385195347}
  m_PrefabAsset: {fileID: 0}
--- !u!4 &7741759407481943346 stripped
Transform:
  m_CorrespondingSourceObject: {fileID: 7329673868436653153, guid: 2da8bd84b59ae214a9a27648cfbd8fd9,
    type: 3}
  m_PrefabInstance: {fileID: 1065236162385195347}
  m_PrefabAsset: {fileID: 0}
--- !u!1001 &5756034820632022828
PrefabInstance:
  m_ObjectHideFlags: 0
  serializedVersion: 2
  m_Modification:
    m_TransformParent: {fileID: 7741759407481943346}
    m_Modifications:
    - target: {fileID: 162578901794175301, guid: 7db5d8bbaf27c0847b453671996229a7,
        type: 3}
      propertyPath: m_Name
      value: WallCannon (3)
      objectReference: {fileID: 0}
    - target: {fileID: 2804596320612107015, guid: 7db5d8bbaf27c0847b453671996229a7,
        type: 3}
      propertyPath: m_LocalPosition.x
      value: 3
      objectReference: {fileID: 0}
    - target: {fileID: 2804596320612107015, guid: 7db5d8bbaf27c0847b453671996229a7,
        type: 3}
      propertyPath: m_LocalPosition.y
      value: 1.75
      objectReference: {fileID: 0}
    - target: {fileID: 2804596320612107015, guid: 7db5d8bbaf27c0847b453671996229a7,
        type: 3}
      propertyPath: m_LocalPosition.z
      value: 0
      objectReference: {fileID: 0}
    - target: {fileID: 2804596320612107015, guid: 7db5d8bbaf27c0847b453671996229a7,
        type: 3}
      propertyPath: m_LocalRotation.x
      value: -0
      objectReference: {fileID: 0}
    - target: {fileID: 2804596320612107015, guid: 7db5d8bbaf27c0847b453671996229a7,
        type: 3}
      propertyPath: m_LocalRotation.y
      value: -0
      objectReference: {fileID: 0}
    - target: {fileID: 2804596320612107015, guid: 7db5d8bbaf27c0847b453671996229a7,
        type: 3}
      propertyPath: m_LocalRotation.z
      value: 0.7071068
      objectReference: {fileID: 0}
    - target: {fileID: 2804596320612107015, guid: 7db5d8bbaf27c0847b453671996229a7,
        type: 3}
      propertyPath: m_LocalRotation.w
      value: 0.7071068
      objectReference: {fileID: 0}
    - target: {fileID: 2804596320612107015, guid: 7db5d8bbaf27c0847b453671996229a7,
        type: 3}
      propertyPath: m_RootOrder
      value: 6
      objectReference: {fileID: 0}
    - target: {fileID: 2804596320612107015, guid: 7db5d8bbaf27c0847b453671996229a7,
        type: 3}
      propertyPath: m_LocalEulerAnglesHint.x
      value: 0
      objectReference: {fileID: 0}
    - target: {fileID: 2804596320612107015, guid: 7db5d8bbaf27c0847b453671996229a7,
        type: 3}
      propertyPath: m_LocalEulerAnglesHint.y
      value: 0
      objectReference: {fileID: 0}
    - target: {fileID: 2804596320612107015, guid: 7db5d8bbaf27c0847b453671996229a7,
        type: 3}
      propertyPath: m_LocalEulerAnglesHint.z
      value: 90.00001
      objectReference: {fileID: 0}
    - target: {fileID: 6507100759729708205, guid: 7db5d8bbaf27c0847b453671996229a7,
        type: 3}
      propertyPath: timeOffset
      value: 0.5
      objectReference: {fileID: 0}
    m_RemovedComponents: []
  m_SourcePrefab: {fileID: 100100000, guid: 7db5d8bbaf27c0847b453671996229a7, type: 3}
--- !u!1 &5593492222632212073 stripped
GameObject:
  m_CorrespondingSourceObject: {fileID: 162578901794175301, guid: 7db5d8bbaf27c0847b453671996229a7,
    type: 3}
  m_PrefabInstance: {fileID: 5756034820632022828}
  m_PrefabAsset: {fileID: 0}
--- !u!1001 &8347729665767805010
PrefabInstance:
  m_ObjectHideFlags: 0
  serializedVersion: 2
  m_Modification:
    m_TransformParent: {fileID: 7741759407481943346}
    m_Modifications:
    - target: {fileID: 2958839111431904746, guid: c79f03984c6e48f4d8cd688024f62f7f,
        type: 3}
      propertyPath: m_Name
      value: Platform (1)
      objectReference: {fileID: 0}
    - target: {fileID: 8428890086254220743, guid: c79f03984c6e48f4d8cd688024f62f7f,
        type: 3}
      propertyPath: m_LocalPosition.x
      value: -3
      objectReference: {fileID: 0}
    - target: {fileID: 8428890086254220743, guid: c79f03984c6e48f4d8cd688024f62f7f,
        type: 3}
      propertyPath: m_LocalPosition.y
      value: 20
      objectReference: {fileID: 0}
    - target: {fileID: 8428890086254220743, guid: c79f03984c6e48f4d8cd688024f62f7f,
        type: 3}
      propertyPath: m_LocalPosition.z
      value: 0
      objectReference: {fileID: 0}
    - target: {fileID: 8428890086254220743, guid: c79f03984c6e48f4d8cd688024f62f7f,
        type: 3}
      propertyPath: m_LocalRotation.x
      value: -0
      objectReference: {fileID: 0}
    - target: {fileID: 8428890086254220743, guid: c79f03984c6e48f4d8cd688024f62f7f,
        type: 3}
      propertyPath: m_LocalRotation.y
      value: -0
      objectReference: {fileID: 0}
    - target: {fileID: 8428890086254220743, guid: c79f03984c6e48f4d8cd688024f62f7f,
        type: 3}
      propertyPath: m_LocalRotation.z
      value: -0
      objectReference: {fileID: 0}
    - target: {fileID: 8428890086254220743, guid: c79f03984c6e48f4d8cd688024f62f7f,
        type: 3}
      propertyPath: m_LocalRotation.w
      value: 1
      objectReference: {fileID: 0}
    - target: {fileID: 8428890086254220743, guid: c79f03984c6e48f4d8cd688024f62f7f,
        type: 3}
      propertyPath: m_RootOrder
      value: 4
      objectReference: {fileID: 0}
    - target: {fileID: 8428890086254220743, guid: c79f03984c6e48f4d8cd688024f62f7f,
        type: 3}
      propertyPath: m_LocalEulerAnglesHint.x
      value: 0
      objectReference: {fileID: 0}
    - target: {fileID: 8428890086254220743, guid: c79f03984c6e48f4d8cd688024f62f7f,
        type: 3}
      propertyPath: m_LocalEulerAnglesHint.y
      value: 0
      objectReference: {fileID: 0}
    - target: {fileID: 8428890086254220743, guid: c79f03984c6e48f4d8cd688024f62f7f,
        type: 3}
      propertyPath: m_LocalEulerAnglesHint.z
      value: 0
      objectReference: {fileID: 0}
    - target: {fileID: 6791169244725608596, guid: c79f03984c6e48f4d8cd688024f62f7f,
        type: 3}
      propertyPath: m_SpriteTilingProperty.newSize.x
      value: 7
      objectReference: {fileID: 0}
    - target: {fileID: 6791169244725608596, guid: c79f03984c6e48f4d8cd688024f62f7f,
        type: 3}
      propertyPath: m_Size.x
      value: 1
      objectReference: {fileID: 0}
    - target: {fileID: 6791169244725608596, guid: c79f03984c6e48f4d8cd688024f62f7f,
        type: 3}
      propertyPath: m_SpriteTilingProperty.newSize.y
      value: 2
      objectReference: {fileID: 0}
    - target: {fileID: 6791169244725608596, guid: c79f03984c6e48f4d8cd688024f62f7f,
        type: 3}
      propertyPath: m_Size.y
      value: 1
      objectReference: {fileID: 0}
    - target: {fileID: 8172572654677218375, guid: c79f03984c6e48f4d8cd688024f62f7f,
        type: 3}
      propertyPath: m_Size.x
      value: 7
      objectReference: {fileID: 0}
    - target: {fileID: 8172572654677218375, guid: c79f03984c6e48f4d8cd688024f62f7f,
        type: 3}
      propertyPath: m_Size.y
      value: 2
      objectReference: {fileID: 0}
    m_RemovedComponents: []
  m_SourcePrefab: {fileID: 100100000, guid: c79f03984c6e48f4d8cd688024f62f7f, type: 3}
--- !u!1001 &8554491642626577209
PrefabInstance:
  m_ObjectHideFlags: 0
  serializedVersion: 2
  m_Modification:
    m_TransformParent: {fileID: 7741759407481943346}
    m_Modifications:
    - target: {fileID: 162578901794175301, guid: 7db5d8bbaf27c0847b453671996229a7,
        type: 3}
      propertyPath: m_Name
      value: WallCannon (2)
      objectReference: {fileID: 0}
    - target: {fileID: 2804596320612107015, guid: 7db5d8bbaf27c0847b453671996229a7,
        type: 3}
      propertyPath: m_LocalPosition.x
      value: 1
      objectReference: {fileID: 0}
    - target: {fileID: 2804596320612107015, guid: 7db5d8bbaf27c0847b453671996229a7,
        type: 3}
      propertyPath: m_LocalPosition.y
      value: 1.75
      objectReference: {fileID: 0}
    - target: {fileID: 2804596320612107015, guid: 7db5d8bbaf27c0847b453671996229a7,
        type: 3}
      propertyPath: m_LocalPosition.z
      value: 0
      objectReference: {fileID: 0}
    - target: {fileID: 2804596320612107015, guid: 7db5d8bbaf27c0847b453671996229a7,
        type: 3}
      propertyPath: m_LocalRotation.x
      value: -0
      objectReference: {fileID: 0}
    - target: {fileID: 2804596320612107015, guid: 7db5d8bbaf27c0847b453671996229a7,
        type: 3}
      propertyPath: m_LocalRotation.y
      value: -0
      objectReference: {fileID: 0}
    - target: {fileID: 2804596320612107015, guid: 7db5d8bbaf27c0847b453671996229a7,
        type: 3}
      propertyPath: m_LocalRotation.z
      value: 0.7071068
      objectReference: {fileID: 0}
    - target: {fileID: 2804596320612107015, guid: 7db5d8bbaf27c0847b453671996229a7,
        type: 3}
      propertyPath: m_LocalRotation.w
      value: 0.7071068
      objectReference: {fileID: 0}
    - target: {fileID: 2804596320612107015, guid: 7db5d8bbaf27c0847b453671996229a7,
        type: 3}
      propertyPath: m_RootOrder
      value: 5
      objectReference: {fileID: 0}
    - target: {fileID: 2804596320612107015, guid: 7db5d8bbaf27c0847b453671996229a7,
        type: 3}
      propertyPath: m_LocalEulerAnglesHint.x
      value: 0
      objectReference: {fileID: 0}
    - target: {fileID: 2804596320612107015, guid: 7db5d8bbaf27c0847b453671996229a7,
        type: 3}
      propertyPath: m_LocalEulerAnglesHint.y
      value: 0
      objectReference: {fileID: 0}
    - target: {fileID: 2804596320612107015, guid: 7db5d8bbaf27c0847b453671996229a7,
        type: 3}
      propertyPath: m_LocalEulerAnglesHint.z
      value: 90.00001
      objectReference: {fileID: 0}
    - target: {fileID: 6507100759729708205, guid: 7db5d8bbaf27c0847b453671996229a7,
        type: 3}
      propertyPath: timeOffset
      value: 0.5
      objectReference: {fileID: 0}
    m_RemovedComponents: []
  m_SourcePrefab: {fileID: 100100000, guid: 7db5d8bbaf27c0847b453671996229a7, type: 3}
--- !u!1 &8427977032035740284 stripped
GameObject:
  m_CorrespondingSourceObject: {fileID: 162578901794175301, guid: 7db5d8bbaf27c0847b453671996229a7,
    type: 3}
  m_PrefabInstance: {fileID: 8554491642626577209}
  m_PrefabAsset: {fileID: 0}
--- !u!1001 &8811029602302109720
PrefabInstance:
  m_ObjectHideFlags: 0
  serializedVersion: 2
  m_Modification:
    m_TransformParent: {fileID: 7741759407481943346}
    m_Modifications:
    - target: {fileID: 2958839111431904746, guid: c79f03984c6e48f4d8cd688024f62f7f,
        type: 3}
      propertyPath: m_Name
      value: Platform
      objectReference: {fileID: 0}
    - target: {fileID: 8428890086254220743, guid: c79f03984c6e48f4d8cd688024f62f7f,
        type: 3}
      propertyPath: m_LocalPosition.x
      value: 3
      objectReference: {fileID: 0}
    - target: {fileID: 8428890086254220743, guid: c79f03984c6e48f4d8cd688024f62f7f,
        type: 3}
      propertyPath: m_LocalPosition.y
      value: 1
      objectReference: {fileID: 0}
    - target: {fileID: 8428890086254220743, guid: c79f03984c6e48f4d8cd688024f62f7f,
        type: 3}
      propertyPath: m_LocalPosition.z
      value: 0
      objectReference: {fileID: 0}
    - target: {fileID: 8428890086254220743, guid: c79f03984c6e48f4d8cd688024f62f7f,
        type: 3}
      propertyPath: m_LocalRotation.x
      value: -0
      objectReference: {fileID: 0}
    - target: {fileID: 8428890086254220743, guid: c79f03984c6e48f4d8cd688024f62f7f,
        type: 3}
      propertyPath: m_LocalRotation.y
      value: -0
      objectReference: {fileID: 0}
    - target: {fileID: 8428890086254220743, guid: c79f03984c6e48f4d8cd688024f62f7f,
        type: 3}
      propertyPath: m_LocalRotation.z
      value: -0
      objectReference: {fileID: 0}
    - target: {fileID: 8428890086254220743, guid: c79f03984c6e48f4d8cd688024f62f7f,
        type: 3}
      propertyPath: m_LocalRotation.w
      value: 1
      objectReference: {fileID: 0}
    - target: {fileID: 8428890086254220743, guid: c79f03984c6e48f4d8cd688024f62f7f,
        type: 3}
      propertyPath: m_RootOrder
      value: 3
      objectReference: {fileID: 0}
    - target: {fileID: 8428890086254220743, guid: c79f03984c6e48f4d8cd688024f62f7f,
        type: 3}
      propertyPath: m_LocalEulerAnglesHint.x
      value: 0
      objectReference: {fileID: 0}
    - target: {fileID: 8428890086254220743, guid: c79f03984c6e48f4d8cd688024f62f7f,
        type: 3}
      propertyPath: m_LocalEulerAnglesHint.y
      value: 0
      objectReference: {fileID: 0}
    - target: {fileID: 8428890086254220743, guid: c79f03984c6e48f4d8cd688024f62f7f,
        type: 3}
      propertyPath: m_LocalEulerAnglesHint.z
      value: 0
      objectReference: {fileID: 0}
    - target: {fileID: 6791169244725608596, guid: c79f03984c6e48f4d8cd688024f62f7f,
        type: 3}
      propertyPath: m_SpriteTilingProperty.newSize.x
      value: 7
      objectReference: {fileID: 0}
    - target: {fileID: 6791169244725608596, guid: c79f03984c6e48f4d8cd688024f62f7f,
        type: 3}
      propertyPath: m_Size.x
      value: 1
      objectReference: {fileID: 0}
    - target: {fileID: 6791169244725608596, guid: c79f03984c6e48f4d8cd688024f62f7f,
        type: 3}
      propertyPath: m_SpriteTilingProperty.newSize.y
      value: 2
      objectReference: {fileID: 0}
    - target: {fileID: 6791169244725608596, guid: c79f03984c6e48f4d8cd688024f62f7f,
        type: 3}
      propertyPath: m_Size.y
      value: 1
      objectReference: {fileID: 0}
    - target: {fileID: 8172572654677218375, guid: c79f03984c6e48f4d8cd688024f62f7f,
        type: 3}
      propertyPath: m_Size.x
      value: 7
      objectReference: {fileID: 0}
    - target: {fileID: 8172572654677218375, guid: c79f03984c6e48f4d8cd688024f62f7f,
        type: 3}
      propertyPath: m_Size.y
      value: 2
      objectReference: {fileID: 0}
    m_RemovedComponents: []
  m_SourcePrefab: {fileID: 100100000, guid: c79f03984c6e48f4d8cd688024f62f7f, type: 3}
