%YAML 1.1
%TAG !u! tag:unity3d.com,2011:
--- !u!1 &680747434475953768
GameObject:
  m_ObjectHideFlags: 0
  m_CorrespondingSourceObject: {fileID: 0}
  m_PrefabInstance: {fileID: 0}
  m_PrefabAsset: {fileID: 0}
  serializedVersion: 6
  m_Component:
  - component: {fileID: 1077821171624200217}
  - component: {fileID: 4602898238287138757}
  - component: {fileID: 1376289529995388217}
  m_Layer: 2
  m_Name: Radar
  m_TagString: Untagged
  m_Icon: {fileID: 0}
  m_NavMeshLayer: 0
  m_StaticEditorFlags: 0
  m_IsActive: 1
--- !u!4 &1077821171624200217
Transform:
  m_ObjectHideFlags: 0
  m_CorrespondingSourceObject: {fileID: 0}
  m_PrefabInstance: {fileID: 0}
  m_PrefabAsset: {fileID: 0}
  m_GameObject: {fileID: 680747434475953768}
  m_LocalRotation: {x: 0, y: 0, z: 0, w: 1}
  m_LocalPosition: {x: 0, y: 0, z: 0}
  m_LocalScale: {x: 1, y: 1, z: 1}
  m_Children: []
  m_Father: {fileID: 1583836454099836142}
  m_RootOrder: 1
  m_LocalEulerAnglesHint: {x: 0, y: 0, z: 0}
--- !u!114 &4602898238287138757
MonoBehaviour:
  m_ObjectHideFlags: 0
  m_CorrespondingSourceObject: {fileID: 0}
  m_PrefabInstance: {fileID: 0}
  m_PrefabAsset: {fileID: 0}
  m_GameObject: {fileID: 680747434475953768}
  m_Enabled: 1
  m_EditorHideFlags: 0
  m_Script: {fileID: 11500000, guid: 928d6932131347b4c8947167f8b4bd12, type: 3}
  m_Name: 
  m_EditorClassIdentifier: 
  ball_Animation: {fileID: 5331393984190307543}
  happyTargets: {fileID: 11400000, guid: e15e8469674472945a074c024bfa6bc4, type: 2}
  fearTargets: {fileID: 11400000, guid: c88d812ae349b4b4c8cafff3eac38b28, type: 2}
--- !u!58 &1376289529995388217
CircleCollider2D:
  m_ObjectHideFlags: 0
  m_CorrespondingSourceObject: {fileID: 0}
  m_PrefabInstance: {fileID: 0}
  m_PrefabAsset: {fileID: 0}
  m_GameObject: {fileID: 680747434475953768}
  m_Enabled: 1
  m_Density: 1
  m_Material: {fileID: 0}
  m_IsTrigger: 1
  m_UsedByEffector: 0
  m_UsedByComposite: 0
  m_Offset: {x: 0, y: 0}
  serializedVersion: 2
  m_Radius: 4.44
--- !u!1 &1583836454099836145
GameObject:
  m_ObjectHideFlags: 0
  m_CorrespondingSourceObject: {fileID: 0}
  m_PrefabInstance: {fileID: 0}
  m_PrefabAsset: {fileID: 0}
  serializedVersion: 6
  m_Component:
  - component: {fileID: 1583836454099836142}
  - component: {fileID: 1583836454099836141}
  - component: {fileID: 1583836454099836143}
  - component: {fileID: 1583836454099836140}
  - component: {fileID: 1583836454099836147}
  - component: {fileID: 1583836454099836136}
  - component: {fileID: 159808919}
  - component: {fileID: 159808926}
  - component: {fileID: 6809739333352287348}
  - component: {fileID: 1583836454925250303}
  - component: {fileID: 5254162592753657498}
  - component: {fileID: 5331393984190307543}
  - component: {fileID: 8140450848758114761}
  - component: {fileID: 5312362776807128671}
  - component: {fileID: 3355101435395951644}
  m_Layer: 8
  m_Name: Ball
  m_TagString: Player
  m_Icon: {fileID: 0}
  m_NavMeshLayer: 0
  m_StaticEditorFlags: 0
  m_IsActive: 1
--- !u!4 &1583836454099836142
Transform:
  m_ObjectHideFlags: 0
  m_CorrespondingSourceObject: {fileID: 0}
  m_PrefabInstance: {fileID: 0}
  m_PrefabAsset: {fileID: 0}
  m_GameObject: {fileID: 1583836454099836145}
  m_LocalRotation: {x: 0, y: 0, z: 0, w: 1}
  m_LocalPosition: {x: 0, y: 0, z: 0}
  m_LocalScale: {x: 1, y: 1, z: 1}
  m_Children:
  - {fileID: 1583836454521578220}
  - {fileID: 1077821171624200217}
  - {fileID: 7693773807569119979}
  m_Father: {fileID: 0}
  m_RootOrder: 0
  m_LocalEulerAnglesHint: {x: 0, y: 0, z: 0}
--- !u!50 &1583836454099836141
Rigidbody2D:
  serializedVersion: 4
  m_ObjectHideFlags: 0
  m_CorrespondingSourceObject: {fileID: 0}
  m_PrefabInstance: {fileID: 0}
  m_PrefabAsset: {fileID: 0}
  m_GameObject: {fileID: 1583836454099836145}
  m_BodyType: 0
  m_Simulated: 1
  m_UseFullKinematicContacts: 0
  m_UseAutoMass: 1
  m_Mass: 2.0348682
  m_LinearDrag: 0.3
  m_AngularDrag: 1.3
  m_GravityScale: 1
  m_Material: {fileID: 0}
  m_Interpolate: 2
  m_SleepingMode: 1
  m_CollisionDetection: 1
  m_Constraints: 0
--- !u!58 &1583836454099836143
CircleCollider2D:
  m_ObjectHideFlags: 0
  m_CorrespondingSourceObject: {fileID: 0}
  m_PrefabInstance: {fileID: 0}
  m_PrefabAsset: {fileID: 0}
  m_GameObject: {fileID: 1583836454099836145}
  m_Enabled: 1
  m_Density: 2.35
  m_Material: {fileID: 6200000, guid: 65e8f21333f52e742b8c2d9afaf47712, type: 2}
  m_IsTrigger: 0
  m_UsedByEffector: 0
  m_UsedByComposite: 0
  m_Offset: {x: 0, y: 0}
  serializedVersion: 2
  m_Radius: 0.525
--- !u!114 &1583836454099836140
MonoBehaviour:
  m_ObjectHideFlags: 0
  m_CorrespondingSourceObject: {fileID: 0}
  m_PrefabInstance: {fileID: 0}
  m_PrefabAsset: {fileID: 0}
  m_GameObject: {fileID: 1583836454099836145}
  m_Enabled: 1
  m_EditorHideFlags: 0
  m_Script: {fileID: 11500000, guid: 942c8f4cf5950dd41bc85f6bcec84833, type: 3}
  m_Name: 
  m_EditorClassIdentifier: 
  bounceMask:
    serializedVersion: 2
    m_Bits: 0
--- !u!114 &1583836454099836147
MonoBehaviour:
  m_ObjectHideFlags: 0
  m_CorrespondingSourceObject: {fileID: 0}
  m_PrefabInstance: {fileID: 0}
  m_PrefabAsset: {fileID: 0}
  m_GameObject: {fileID: 1583836454099836145}
  m_Enabled: 1
  m_EditorHideFlags: 0
  m_Script: {fileID: 11500000, guid: cedc71377b97c634794e5655bc91c379, type: 3}
  m_Name: 
  m_EditorClassIdentifier: 
  useMovementUpdate: 1
  searchWaitTime: 0.35
  distance: 0
--- !u!114 &1583836454099836136
MonoBehaviour:
  m_ObjectHideFlags: 0
  m_CorrespondingSourceObject: {fileID: 0}
  m_PrefabInstance: {fileID: 0}
  m_PrefabAsset: {fileID: 0}
  m_GameObject: {fileID: 1583836454099836145}
  m_Enabled: 1
  m_EditorHideFlags: 0
  m_Script: {fileID: 11500000, guid: 202e46d9e69ad624fa7ef00dd0bd6f7b, type: 3}
  m_Name: 
  m_EditorClassIdentifier: 
  usarPosDelay: 1
  offset: 0.09
  deformacion: 0.29
  duracion: 1
  curva:
    serializedVersion: 2
    m_Curve:
    - serializedVersion: 3
      time: 0
      value: -0.0056968164
      inSlope: 5.196152
      outSlope: 5.196152
      tangentMode: 0
      weightedMode: 0
      inWeight: 0.33333334
      outWeight: 0.33333334
    - serializedVersion: 3
      time: 0.110650234
      value: 0.7968772
      inSlope: -0.046871334
      outSlope: -0.046871334
      tangentMode: 0
      weightedMode: 0
      inWeight: 0.33333334
      outWeight: 0.33333334
    - serializedVersion: 3
      time: 0.2219995
      value: -0.76236767
      inSlope: -0.057311963
      outSlope: -0.057311963
      tangentMode: 0
      weightedMode: 0
      inWeight: 0.33333334
      outWeight: 0.33333334
    - serializedVersion: 3
      time: 0.37837875
      value: 0.48232776
      inSlope: 0.003352984
      outSlope: 0.003352984
      tangentMode: 0
      weightedMode: 0
      inWeight: 0.33333334
      outWeight: 0.33333334
    - serializedVersion: 3
      time: 0.5252637
      value: -0.5591379
      inSlope: -0.03222614
      outSlope: -0.03222614
      tangentMode: 0
      weightedMode: 0
      inWeight: 0.33333334
      outWeight: 0.33333334
    - serializedVersion: 3
      time: 0.67941546
      value: 0.35200435
      inSlope: 0.021770405
      outSlope: 0.021770405
      tangentMode: 0
      weightedMode: 0
      inWeight: 0.33333334
      outWeight: 0.33333334
    - serializedVersion: 3
      time: 0.8538192
      value: -0.25940156
      inSlope: -0.08074924
      outSlope: -0.08074924
      tangentMode: 0
      weightedMode: 0
      inWeight: 0.33333334
      outWeight: 0.33333334
    - serializedVersion: 3
      time: 0.99157715
      value: -0.006207236
      inSlope: -1.8036748
      outSlope: -1.8036748
      tangentMode: 0
      weightedMode: 0
      inWeight: 0.33333334
      outWeight: 0.33333334
    m_PreInfinity: 2
    m_PostInfinity: 2
    m_RotationOrder: 4
  tVisual: {fileID: 1583836454521578220}
  tSkin: {fileID: 1583836455014259123}
--- !u!114 &159808919
MonoBehaviour:
  m_ObjectHideFlags: 0
  m_CorrespondingSourceObject: {fileID: 0}
  m_PrefabInstance: {fileID: 0}
  m_PrefabAsset: {fileID: 0}
  m_GameObject: {fileID: 1583836454099836145}
  m_Enabled: 0
  m_EditorHideFlags: 0
  m_Script: {fileID: 11500000, guid: 928e2df51c1d8fb41b370f90c23733a0, type: 3}
  m_Name: 
  m_EditorClassIdentifier: 
  col: {fileID: 1583836454099836143}
--- !u!114 &159808926
MonoBehaviour:
  m_ObjectHideFlags: 0
  m_CorrespondingSourceObject: {fileID: 0}
  m_PrefabInstance: {fileID: 0}
  m_PrefabAsset: {fileID: 0}
  m_GameObject: {fileID: 1583836454099836145}
  m_Enabled: 1
  m_EditorHideFlags: 0
  m_Script: {fileID: 11500000, guid: 6e9448b048849614c8fd4828d3940103, type: 3}
  m_Name: 
  m_EditorClassIdentifier: 
  rb: {fileID: 1583836454099836141}
  sqrMaxVelocity: 45
--- !u!114 &6809739333352287348
MonoBehaviour:
  m_ObjectHideFlags: 0
  m_CorrespondingSourceObject: {fileID: 0}
  m_PrefabInstance: {fileID: 0}
  m_PrefabAsset: {fileID: 0}
  m_GameObject: {fileID: 1583836454099836145}
  m_Enabled: 1
  m_EditorHideFlags: 0
  m_Script: {fileID: 11500000, guid: 2781d6ee5f9bc5f4da29b4bab4c07b8c, type: 3}
  m_Name: 
  m_EditorClassIdentifier: 
  useFloatAnimation: 1
  col: {fileID: 1583836454099836143}
  rb: {fileID: 1583836454099836141}
  wrappable: {fileID: 159808919}
  health: {fileID: 1583836454925250303}
  constantBounce: {fileID: 1583836454099836140}
  ball_Animation: {fileID: 5331393984190307543}
  trailBall: {fileID: 278578141}
  skinComponent: {fileID: 5254162592753657498}
  ballSize: 0.95
  useWrap: 0
  sFXs_dead:
    sounds:
    - key: gp_die_1
    - key: gp_die_2
  sFXs_onPickUpCoinVoices:
    sounds:
    - key: voice_4
    - key: voice_5
    - key: voice_6
    - key: voice_7
    - key: voice_8
  deadJumpHeight: 7
  deadSizeMax: 3.5
  deadCurve:
    curve:
      serializedVersion: 2
      m_Curve:
      - serializedVersion: 3
        time: 0
        value: 0
        inSlope: 8.075
        outSlope: 8.075
        tangentMode: 0
        weightedMode: 0
        inWeight: 0.33333334
        outWeight: 0.50548637
      - serializedVersion: 3
        time: 0.14396667
        value: 1
        inSlope: -0.97001195
        outSlope: -0.97001195
        tangentMode: 34
        weightedMode: 0
        inWeight: 0.33333334
        outWeight: 0.33333334
      - serializedVersion: 3
        time: 1
        value: -6.606777
        inSlope: -6.4676867
        outSlope: -6.4676867
        tangentMode: 0
        weightedMode: 0
        inWeight: 0.41830787
        outWeight: 0.33333334
      m_PreInfinity: 2
      m_PostInfinity: 2
      m_RotationOrder: 4
    time: 2
  appearRotation: 360
  appearCurve:
    curve:
      serializedVersion: 2
      m_Curve:
      - serializedVersion: 3
        time: 0
        value: 0
        inSlope: 1.6205865
        outSlope: 1.6205865
        tangentMode: 0
        weightedMode: 0
        inWeight: 0.33333334
        outWeight: 0.6004057
      - serializedVersion: 3
        time: 0.6862887
        value: 1.037698
        inSlope: 0.29089022
        outSlope: 0.29089022
        tangentMode: 0
        weightedMode: 0
        inWeight: 0.33333334
        outWeight: 0.33333334
      - serializedVersion: 3
        time: 1
        value: 1
        inSlope: -0.12016791
        outSlope: -0.12016791
        tangentMode: 34
        weightedMode: 0
        inWeight: 0.33333334
        outWeight: 0.33333334
      m_PreInfinity: 2
      m_PostInfinity: 2
      m_RotationOrder: 4
    time: 0.65
  disappearRotation: 175
  disappearCurve:
    curve:
      serializedVersion: 2
      m_Curve:
      - serializedVersion: 3
        time: 0
        value: 0
        inSlope: 0
        outSlope: 1
        tangentMode: 0
        weightedMode: 0
        inWeight: 0
        outWeight: 0
      - serializedVersion: 3
        time: 1
        value: 1
        inSlope: 1
        outSlope: 0
        tangentMode: 0
        weightedMode: 0
        inWeight: 0
        outWeight: 0
      m_PreInfinity: 2
      m_PostInfinity: 2
      m_RotationOrder: 4
    time: 0.25
  waitingHeight: 0.05
  waitingVelocity: 2
  waitingCurve:
    serializedVersion: 2
    m_Curve:
    - serializedVersion: 3
      time: 0
      value: 0
      inSlope: 5.6470566
      outSlope: 5.6470566
      tangentMode: 0
      weightedMode: 0
      inWeight: 0.33333334
      outWeight: 0.33333334
    - serializedVersion: 3
      time: 0.25
      value: 1
      inSlope: -0.009522454
      outSlope: -0.009522454
      tangentMode: 0
      weightedMode: 0
      inWeight: 0.33333334
      outWeight: 0.33333334
    - serializedVersion: 3
      time: 0.5
      value: 0
      inSlope: -5.800004
      outSlope: -5.800004
      tangentMode: 0
      weightedMode: 0
      inWeight: 0.33333334
      outWeight: 0.33333334
    - serializedVersion: 3
      time: 0.75
      value: -1
      inSlope: 0
      outSlope: 0
      tangentMode: 34
      weightedMode: 0
      inWeight: 0.33333334
      outWeight: 0.33333334
    - serializedVersion: 3
      time: 1
      value: 0
      inSlope: 5.711541
      outSlope: 5.711541
      tangentMode: 0
      weightedMode: 0
      inWeight: 0.33333334
      outWeight: 0.33333334
    m_PreInfinity: 2
    m_PostInfinity: 1
    m_RotationOrder: 4
--- !u!114 &1583836454925250303
MonoBehaviour:
  m_ObjectHideFlags: 0
  m_CorrespondingSourceObject: {fileID: 0}
  m_PrefabInstance: {fileID: 0}
  m_PrefabAsset: {fileID: 0}
  m_GameObject: {fileID: 1583836454099836145}
  m_Enabled: 1
  m_EditorHideFlags: 0
  m_Script: {fileID: 11500000, guid: f952f1ed8f1a7f444b4d00bf093e2b70, type: 3}
  m_Name: 
  m_EditorClassIdentifier: 
  max: 1
  current: 0
--- !u!114 &5254162592753657498
MonoBehaviour:
  m_ObjectHideFlags: 0
  m_CorrespondingSourceObject: {fileID: 0}
  m_PrefabInstance: {fileID: 0}
  m_PrefabAsset: {fileID: 0}
  m_GameObject: {fileID: 1583836454099836145}
  m_Enabled: 1
  m_EditorHideFlags: 0
  m_Script: {fileID: 11500000, guid: 9a8a1c591797dc14498e9fe43f110e4d, type: 3}
  m_Name: 
  m_EditorClassIdentifier: 
  rBody: {fileID: 1583836455780750108}
  rFace: {fileID: 1583836454419949527}
  trail: {fileID: 278578141}
--- !u!114 &5331393984190307543
MonoBehaviour:
  m_ObjectHideFlags: 0
  m_CorrespondingSourceObject: {fileID: 0}
  m_PrefabInstance: {fileID: 0}
  m_PrefabAsset: {fileID: 0}
  m_GameObject: {fileID: 1583836454099836145}
  m_Enabled: 1
  m_EditorHideFlags: 0
  m_Script: {fileID: 11500000, guid: a3e4911783ef7d445acbf1af9e174056, type: 3}
  m_Name: 
  m_EditorClassIdentifier: 
  rBody: {fileID: 1583836455780750108}
  rFace: {fileID: 1583836454419949527}
  faces: {fileID: 11400000, guid: 0e85727b999cb484cbe15313ab4868e4, type: 2}
  faceSmoothTime: 0.2
  AngularSpeedToGetDizzy: 1000
  dizzyDuration: {x: 1, y: 4}
  timeBetweenRandomPosingAnimations: {x: 0.5, y: 2}
  MaxFaceDisplacementDistance: 0.29
  maxTargetDistance: 7
  ignoringFinger: 0
--- !u!114 &8140450848758114761
MonoBehaviour:
  m_ObjectHideFlags: 0
  m_CorrespondingSourceObject: {fileID: 0}
  m_PrefabInstance: {fileID: 0}
  m_PrefabAsset: {fileID: 0}
  m_GameObject: {fileID: 1583836454099836145}
  m_Enabled: 1
  m_EditorHideFlags: 0
  m_Script: {fileID: 11500000, guid: 1639712c4d86c644fa990e065285d4ee, type: 3}
  m_Name: 
  m_EditorClassIdentifier: 
  rb: {fileID: 1583836454099836141}
--- !u!114 &5312362776807128671
MonoBehaviour:
  m_ObjectHideFlags: 0
  m_CorrespondingSourceObject: {fileID: 0}
  m_PrefabInstance: {fileID: 0}
  m_PrefabAsset: {fileID: 0}
  m_GameObject: {fileID: 1583836454099836145}
  m_Enabled: 1
  m_EditorHideFlags: 0
  m_Script: {fileID: 11500000, guid: a0dd79f7298e4a14294acf04bea15fab, type: 3}
  m_Name: 
  m_EditorClassIdentifier: 
--- !u!114 &3355101435395951644
MonoBehaviour:
  m_ObjectHideFlags: 0
  m_CorrespondingSourceObject: {fileID: 0}
  m_PrefabInstance: {fileID: 0}
  m_PrefabAsset: {fileID: 0}
  m_GameObject: {fileID: 1583836454099836145}
  m_Enabled: 1
  m_EditorHideFlags: 0
  m_Script: {fileID: 11500000, guid: fba3a5d0d87be4844ab48035996486dc, type: 3}
  m_Name: 
  m_EditorClassIdentifier: 
  useOnlyWithContactColor: 1
  defaultDustColor: {r: 0.8867924, g: 0.8867924, b: 0.8867924, a: 0.9019608}
  pooler: {fileID: 7235007678340199728}
--- !u!1 &1583836454419949525
GameObject:
  m_ObjectHideFlags: 0
  m_CorrespondingSourceObject: {fileID: 0}
  m_PrefabInstance: {fileID: 0}
  m_PrefabAsset: {fileID: 0}
  serializedVersion: 6
  m_Component:
  - component: {fileID: 1583836454419949526}
  - component: {fileID: 1583836454419949527}
  m_Layer: 8
  m_Name: Face
  m_TagString: Untagged
  m_Icon: {fileID: 0}
  m_NavMeshLayer: 0
  m_StaticEditorFlags: 0
  m_IsActive: 1
--- !u!4 &1583836454419949526
Transform:
  m_ObjectHideFlags: 0
  m_CorrespondingSourceObject: {fileID: 0}
  m_PrefabInstance: {fileID: 0}
  m_PrefabAsset: {fileID: 0}
  m_GameObject: {fileID: 1583836454419949525}
  m_LocalRotation: {x: -0, y: -0, z: -0, w: 1}
  m_LocalPosition: {x: 0, y: 0, z: 0}
  m_LocalScale: {x: 1, y: 1, z: 1}
  m_Children: []
  m_Father: {fileID: 1583836455014259123}
  m_RootOrder: 1
  m_LocalEulerAnglesHint: {x: 0, y: 0, z: 0}
--- !u!212 &1583836454419949527
SpriteRenderer:
  m_ObjectHideFlags: 0
  m_CorrespondingSourceObject: {fileID: 0}
  m_PrefabInstance: {fileID: 0}
  m_PrefabAsset: {fileID: 0}
  m_GameObject: {fileID: 1583836454419949525}
  m_Enabled: 1
  m_CastShadows: 0
  m_ReceiveShadows: 0
  m_DynamicOccludee: 1
  m_MotionVectors: 1
  m_LightProbeUsage: 1
  m_ReflectionProbeUsage: 1
  m_RenderingLayerMask: 1
  m_RendererPriority: 0
  m_Materials:
  - {fileID: 10754, guid: 0000000000000000f000000000000000, type: 0}
  m_StaticBatchInfo:
    firstSubMesh: 0
    subMeshCount: 0
  m_StaticBatchRoot: {fileID: 0}
  m_ProbeAnchor: {fileID: 0}
  m_LightProbeVolumeOverride: {fileID: 0}
  m_ScaleInLightmap: 1
  m_PreserveUVs: 0
  m_IgnoreNormalsForChartDetection: 0
  m_ImportantGI: 0
  m_StitchLightmapSeams: 1
  m_SelectedEditorRenderState: 0
  m_MinimumChartSize: 4
  m_AutoUVMaxDistance: 0.5
  m_AutoUVMaxAngle: 89
  m_LightmapParameters: {fileID: 0}
  m_SortingLayerID: 1083492147
  m_SortingLayer: 1
  m_SortingOrder: 8
  m_Sprite: {fileID: 21300040, guid: ff3541675346471499eb754747ee2014, type: 3}
  m_Color: {r: 1, g: 1, b: 1, a: 1}
  m_FlipX: 0
  m_FlipY: 0
  m_DrawMode: 0
  m_Size: {x: 1.5, y: 1.5}
  m_AdaptiveModeThreshold: 0.5
  m_SpriteTileMode: 0
  m_WasSpriteAssigned: 1
  m_MaskInteraction: 0
  m_SpriteSortPoint: 0
--- !u!1 &1583836454521578227
GameObject:
  m_ObjectHideFlags: 0
  m_CorrespondingSourceObject: {fileID: 0}
  m_PrefabInstance: {fileID: 0}
  m_PrefabAsset: {fileID: 0}
  serializedVersion: 6
  m_Component:
  - component: {fileID: 1583836454521578220}
  - component: {fileID: 278578141}
  m_Layer: 8
  m_Name: Visual
  m_TagString: Untagged
  m_Icon: {fileID: 0}
  m_NavMeshLayer: 0
  m_StaticEditorFlags: 0
  m_IsActive: 1
--- !u!4 &1583836454521578220
Transform:
  m_ObjectHideFlags: 0
  m_CorrespondingSourceObject: {fileID: 0}
  m_PrefabInstance: {fileID: 0}
  m_PrefabAsset: {fileID: 0}
  m_GameObject: {fileID: 1583836454521578227}
  m_LocalRotation: {x: 0, y: 0, z: 0, w: 1}
  m_LocalPosition: {x: 0, y: 0, z: 0}
  m_LocalScale: {x: 1, y: 1, z: 1}
  m_Children:
  - {fileID: 1583836455014259123}
  m_Father: {fileID: 1583836454099836142}
  m_RootOrder: 0
  m_LocalEulerAnglesHint: {x: 0, y: 0, z: 0}
--- !u!114 &278578141
MonoBehaviour:
  m_ObjectHideFlags: 0
  m_CorrespondingSourceObject: {fileID: 0}
  m_PrefabInstance: {fileID: 0}
  m_PrefabAsset: {fileID: 0}
  m_GameObject: {fileID: 1583836454521578227}
  m_Enabled: 1
  m_EditorHideFlags: 0
  m_Script: {fileID: 11500000, guid: d837f0960de70014da5e5832e7eeced2, type: 3}
  m_Name: 
  m_EditorClassIdentifier: 
  ballRoot: {fileID: 1583836455014259123}
  defaulTrail: {fileID: 2271168768097216487, guid: 528de05e41ee0cf4b8c5f56cb4a954b9,
    type: 3}
  trailPrefab: {fileID: 2271168768097216487, guid: 528de05e41ee0cf4b8c5f56cb4a954b9,
    type: 3}
  wrappable: {fileID: 159808919}
--- !u!1 &1583836455014259122
GameObject:
  m_ObjectHideFlags: 0
  m_CorrespondingSourceObject: {fileID: 0}
  m_PrefabInstance: {fileID: 0}
  m_PrefabAsset: {fileID: 0}
  serializedVersion: 6
  m_Component:
  - component: {fileID: 1583836455014259123}
  m_Layer: 8
  m_Name: Skin
  m_TagString: Untagged
  m_Icon: {fileID: 0}
  m_NavMeshLayer: 0
  m_StaticEditorFlags: 0
  m_IsActive: 1
--- !u!4 &1583836455014259123
Transform:
  m_ObjectHideFlags: 0
  m_CorrespondingSourceObject: {fileID: 0}
  m_PrefabInstance: {fileID: 0}
  m_PrefabAsset: {fileID: 0}
  m_GameObject: {fileID: 1583836455014259122}
  m_LocalRotation: {x: 0, y: 0, z: 0, w: 1}
  m_LocalPosition: {x: 0, y: 0, z: 0}
  m_LocalScale: {x: 1, y: 1, z: 1}
  m_Children:
  - {fileID: 1583836455780750115}
  - {fileID: 1583836454419949526}
  m_Father: {fileID: 1583836454521578220}
  m_RootOrder: 0
  m_LocalEulerAnglesHint: {x: 0, y: 0, z: 0}
--- !u!1 &1583836455780750114
GameObject:
  m_ObjectHideFlags: 0
  m_CorrespondingSourceObject: {fileID: 0}
  m_PrefabInstance: {fileID: 0}
  m_PrefabAsset: {fileID: 0}
  serializedVersion: 6
  m_Component:
  - component: {fileID: 1583836455780750115}
  - component: {fileID: 1583836455780750108}
  m_Layer: 8
  m_Name: Body
  m_TagString: Untagged
  m_Icon: {fileID: 0}
  m_NavMeshLayer: 0
  m_StaticEditorFlags: 0
  m_IsActive: 1
--- !u!4 &1583836455780750115
Transform:
  m_ObjectHideFlags: 0
  m_CorrespondingSourceObject: {fileID: 0}
  m_PrefabInstance: {fileID: 0}
  m_PrefabAsset: {fileID: 0}
  m_GameObject: {fileID: 1583836455780750114}
  m_LocalRotation: {x: -0, y: -0, z: -0, w: 1}
  m_LocalPosition: {x: 0, y: 0, z: 0}
  m_LocalScale: {x: 1, y: 1, z: 1}
  m_Children: []
  m_Father: {fileID: 1583836455014259123}
  m_RootOrder: 0
  m_LocalEulerAnglesHint: {x: 0, y: 0, z: 0}
--- !u!212 &1583836455780750108
SpriteRenderer:
  m_ObjectHideFlags: 0
  m_CorrespondingSourceObject: {fileID: 0}
  m_PrefabInstance: {fileID: 0}
  m_PrefabAsset: {fileID: 0}
  m_GameObject: {fileID: 1583836455780750114}
  m_Enabled: 1
  m_CastShadows: 0
  m_ReceiveShadows: 0
  m_DynamicOccludee: 1
  m_MotionVectors: 1
  m_LightProbeUsage: 1
  m_ReflectionProbeUsage: 1
  m_RenderingLayerMask: 1
  m_RendererPriority: 0
  m_Materials:
  - {fileID: 10754, guid: 0000000000000000f000000000000000, type: 0}
  m_StaticBatchInfo:
    firstSubMesh: 0
    subMeshCount: 0
  m_StaticBatchRoot: {fileID: 0}
  m_ProbeAnchor: {fileID: 0}
  m_LightProbeVolumeOverride: {fileID: 0}
  m_ScaleInLightmap: 1
  m_PreserveUVs: 0
  m_IgnoreNormalsForChartDetection: 0
  m_ImportantGI: 0
  m_StitchLightmapSeams: 1
  m_SelectedEditorRenderState: 0
  m_MinimumChartSize: 4
  m_AutoUVMaxDistance: 0.5
  m_AutoUVMaxAngle: 89
  m_LightmapParameters: {fileID: 0}
  m_SortingLayerID: 1083492147
  m_SortingLayer: 1
  m_SortingOrder: 7
  m_Sprite: {fileID: 21300032, guid: 66c2a55b6f324bf4892aef92ba95374a, type: 3}
  m_Color: {r: 1, g: 1, b: 1, a: 1}
  m_FlipX: 0
  m_FlipY: 0
  m_DrawMode: 0
  m_Size: {x: 1, y: 1}
  m_AdaptiveModeThreshold: 0.5
  m_SpriteTileMode: 0
  m_WasSpriteAssigned: 1
  m_MaskInteraction: 0
  m_SpriteSortPoint: 0
--- !u!1 &2143654917551595306
GameObject:
  m_ObjectHideFlags: 0
  m_CorrespondingSourceObject: {fileID: 0}
  m_PrefabInstance: {fileID: 0}
  m_PrefabAsset: {fileID: 0}
  serializedVersion: 6
  m_Component:
  - component: {fileID: 7693773807569119979}
  m_Layer: 8
  m_Name: Pools
  m_TagString: Untagged
  m_Icon: {fileID: 0}
  m_NavMeshLayer: 0
  m_StaticEditorFlags: 0
  m_IsActive: 1
--- !u!4 &7693773807569119979
Transform:
  m_ObjectHideFlags: 0
  m_CorrespondingSourceObject: {fileID: 0}
  m_PrefabInstance: {fileID: 0}
  m_PrefabAsset: {fileID: 0}
  m_GameObject: {fileID: 2143654917551595306}
  m_LocalRotation: {x: 0, y: 0, z: 0, w: 1}
  m_LocalPosition: {x: 0, y: 0, z: 0}
  m_LocalScale: {x: 1, y: 1, z: 1}
  m_Children:
  - {fileID: 6123048773513479149}
  m_Father: {fileID: 1583836454099836142}
  m_RootOrder: 2
  m_LocalEulerAnglesHint: {x: 0, y: 0, z: 0}
--- !u!1 &6725790074229513535
GameObject:
  m_ObjectHideFlags: 0
  m_CorrespondingSourceObject: {fileID: 0}
  m_PrefabInstance: {fileID: 0}
  m_PrefabAsset: {fileID: 0}
  serializedVersion: 6
  m_Component:
  - component: {fileID: 6123048773513479149}
  - component: {fileID: 7235007678340199728}
  m_Layer: 0
  m_Name: DustPool
  m_TagString: Untagged
  m_Icon: {fileID: 0}
  m_NavMeshLayer: 0
  m_StaticEditorFlags: 0
  m_IsActive: 1
--- !u!4 &6123048773513479149
Transform:
  m_ObjectHideFlags: 0
  m_CorrespondingSourceObject: {fileID: 0}
  m_PrefabInstance: {fileID: 0}
  m_PrefabAsset: {fileID: 0}
  m_GameObject: {fileID: 6725790074229513535}
  m_LocalRotation: {x: -0, y: -0, z: -0, w: 1}
  m_LocalPosition: {x: 0, y: 0, z: 0}
  m_LocalScale: {x: 1, y: 1, z: 1}
  m_Children: []
  m_Father: {fileID: 7693773807569119979}
  m_RootOrder: 0
  m_LocalEulerAnglesHint: {x: 0, y: 0, z: 0}
--- !u!114 &7235007678340199728
MonoBehaviour:
  m_ObjectHideFlags: 0
  m_CorrespondingSourceObject: {fileID: 0}
  m_PrefabInstance: {fileID: 0}
  m_PrefabAsset: {fileID: 0}
  m_GameObject: {fileID: 6725790074229513535}
  m_Enabled: 1
  m_EditorHideFlags: 0
  m_Script: {fileID: 11500000, guid: 73b99add862cd4dc3ae2ab33c3cf10b9, type: 3}
  m_Name: 
  m_EditorClassIdentifier: 
  key: 
  prefab: {fileID: 5737653258125199728, guid: 1eb25e30f3f6630418cf01376a0be0bb, type: 3}
  prepopulate: 0
  maxCount: 2147483647
  autoRegister: 1
  autoClear: 1
