%YAML 1.1
%TAG !u! tag:unity3d.com,2011:
--- !u!1 &4654018566958782396
GameObject:
  m_ObjectHideFlags: 0
  m_CorrespondingSourceObject: {fileID: 0}
  m_PrefabInstance: {fileID: 0}
  m_PrefabAsset: {fileID: 0}
  serializedVersion: 6
  m_Component:
  - component: {fileID: 5527918281440830418}
  m_Layer: 0
  m_Name: Terrain
  m_TagString: Untagged
  m_Icon: {fileID: 0}
  m_NavMeshLayer: 0
  m_StaticEditorFlags: 0
  m_IsActive: 1
--- !u!4 &5527918281440830418
Transform:
  m_ObjectHideFlags: 0
  m_CorrespondingSourceObject: {fileID: 0}
  m_PrefabInstance: {fileID: 0}
  m_PrefabAsset: {fileID: 0}
  m_GameObject: {fileID: 4654018566958782396}
  m_LocalRotation: {x: 0, y: 0, z: 0, w: 1}
  m_LocalPosition: {x: 0, y: 0, z: 0}
  m_LocalScale: {x: 1, y: 1, z: 1}
  m_Children:
  - {fileID: 8428890086476959926}
  - {fileID: 8428890087773484029}
  - {fileID: 8428890086554251375}
  - {fileID: 8428890086160471488}
  - {fileID: 8428890086031181166}
  - {fileID: 8428890087122081943}
  - {fileID: 1179236970068038971}
  - {fileID: 146302282446222012}
  m_Father: {fileID: 5405120063105835224}
  m_RootOrder: 1
  m_LocalEulerAnglesHint: {x: 0, y: 0, z: 0}
--- !u!1001 &247186801
PrefabInstance:
  m_ObjectHideFlags: 0
  serializedVersion: 2
  m_Modification:
    m_TransformParent: {fileID: 5527918281440830418}
    m_Modifications:
    - target: {fileID: 2958839111431904746, guid: c79f03984c6e48f4d8cd688024f62f7f,
        type: 3}
      propertyPath: m_Name
      value: Platform
      objectReference: {fileID: 0}
    - target: {fileID: 8428890086254220743, guid: c79f03984c6e48f4d8cd688024f62f7f,
        type: 3}
      propertyPath: m_LocalPosition.x
      value: -3.5
      objectReference: {fileID: 0}
    - target: {fileID: 8428890086254220743, guid: c79f03984c6e48f4d8cd688024f62f7f,
        type: 3}
      propertyPath: m_LocalPosition.y
      value: -11
      objectReference: {fileID: 0}
    - target: {fileID: 8428890086254220743, guid: c79f03984c6e48f4d8cd688024f62f7f,
        type: 3}
      propertyPath: m_LocalPosition.z
      value: 0
      objectReference: {fileID: 0}
    - target: {fileID: 8428890086254220743, guid: c79f03984c6e48f4d8cd688024f62f7f,
        type: 3}
      propertyPath: m_LocalRotation.x
      value: 0
      objectReference: {fileID: 0}
    - target: {fileID: 8428890086254220743, guid: c79f03984c6e48f4d8cd688024f62f7f,
        type: 3}
      propertyPath: m_LocalRotation.y
      value: 0
      objectReference: {fileID: 0}
    - target: {fileID: 8428890086254220743, guid: c79f03984c6e48f4d8cd688024f62f7f,
        type: 3}
      propertyPath: m_LocalRotation.z
      value: 0
      objectReference: {fileID: 0}
    - target: {fileID: 8428890086254220743, guid: c79f03984c6e48f4d8cd688024f62f7f,
        type: 3}
      propertyPath: m_LocalRotation.w
      value: 1
      objectReference: {fileID: 0}
    - target: {fileID: 8428890086254220743, guid: c79f03984c6e48f4d8cd688024f62f7f,
        type: 3}
      propertyPath: m_RootOrder
      value: 0
      objectReference: {fileID: 0}
    - target: {fileID: 8428890086254220743, guid: c79f03984c6e48f4d8cd688024f62f7f,
        type: 3}
      propertyPath: m_LocalEulerAnglesHint.x
      value: 0
      objectReference: {fileID: 0}
    - target: {fileID: 8428890086254220743, guid: c79f03984c6e48f4d8cd688024f62f7f,
        type: 3}
      propertyPath: m_LocalEulerAnglesHint.y
      value: 0
      objectReference: {fileID: 0}
    - target: {fileID: 8428890086254220743, guid: c79f03984c6e48f4d8cd688024f62f7f,
        type: 3}
      propertyPath: m_LocalEulerAnglesHint.z
      value: 0
      objectReference: {fileID: 0}
    - target: {fileID: 8172572654677218375, guid: c79f03984c6e48f4d8cd688024f62f7f,
        type: 3}
      propertyPath: m_Size.y
      value: 2
      objectReference: {fileID: 0}
    - target: {fileID: 8172572654677218375, guid: c79f03984c6e48f4d8cd688024f62f7f,
        type: 3}
      propertyPath: m_Size.x
      value: 7
      objectReference: {fileID: 0}
    - target: {fileID: 6791169244725608596, guid: c79f03984c6e48f4d8cd688024f62f7f,
        type: 3}
      propertyPath: m_SpriteTilingProperty.newSize.y
      value: 2
      objectReference: {fileID: 0}
    - target: {fileID: 6791169244725608596, guid: c79f03984c6e48f4d8cd688024f62f7f,
        type: 3}
      propertyPath: m_Size.y
      value: 1.7
      objectReference: {fileID: 0}
    - target: {fileID: 6791169244725608596, guid: c79f03984c6e48f4d8cd688024f62f7f,
        type: 3}
      propertyPath: m_SpriteTilingProperty.newSize.x
      value: 7
      objectReference: {fileID: 0}
    - target: {fileID: 6791169244725608596, guid: c79f03984c6e48f4d8cd688024f62f7f,
        type: 3}
      propertyPath: m_Size.x
      value: 6.7
      objectReference: {fileID: 0}
    m_RemovedComponents: []
  m_SourcePrefab: {fileID: 100100000, guid: c79f03984c6e48f4d8cd688024f62f7f, type: 3}
--- !u!4 &8428890086476959926 stripped
Transform:
  m_CorrespondingSourceObject: {fileID: 8428890086254220743, guid: c79f03984c6e48f4d8cd688024f62f7f,
    type: 3}
  m_PrefabInstance: {fileID: 247186801}
  m_PrefabAsset: {fileID: 0}
--- !u!1001 &357421225
PrefabInstance:
  m_ObjectHideFlags: 0
  serializedVersion: 2
  m_Modification:
    m_TransformParent: {fileID: 5527918281440830418}
    m_Modifications:
    - target: {fileID: 2958839111431904746, guid: c79f03984c6e48f4d8cd688024f62f7f,
        type: 3}
      propertyPath: m_Name
      value: Platform (4)
      objectReference: {fileID: 0}
    - target: {fileID: 8428890086254220743, guid: c79f03984c6e48f4d8cd688024f62f7f,
        type: 3}
      propertyPath: m_LocalPosition.x
      value: -3
      objectReference: {fileID: 0}
    - target: {fileID: 8428890086254220743, guid: c79f03984c6e48f4d8cd688024f62f7f,
        type: 3}
      propertyPath: m_LocalPosition.y
      value: -2
      objectReference: {fileID: 0}
    - target: {fileID: 8428890086254220743, guid: c79f03984c6e48f4d8cd688024f62f7f,
        type: 3}
      propertyPath: m_LocalPosition.z
      value: 0
      objectReference: {fileID: 0}
    - target: {fileID: 8428890086254220743, guid: c79f03984c6e48f4d8cd688024f62f7f,
        type: 3}
      propertyPath: m_LocalRotation.x
      value: 0
      objectReference: {fileID: 0}
    - target: {fileID: 8428890086254220743, guid: c79f03984c6e48f4d8cd688024f62f7f,
        type: 3}
      propertyPath: m_LocalRotation.y
      value: 0
      objectReference: {fileID: 0}
    - target: {fileID: 8428890086254220743, guid: c79f03984c6e48f4d8cd688024f62f7f,
        type: 3}
      propertyPath: m_LocalRotation.z
      value: 0
      objectReference: {fileID: 0}
    - target: {fileID: 8428890086254220743, guid: c79f03984c6e48f4d8cd688024f62f7f,
        type: 3}
      propertyPath: m_LocalRotation.w
      value: 1
      objectReference: {fileID: 0}
    - target: {fileID: 8428890086254220743, guid: c79f03984c6e48f4d8cd688024f62f7f,
        type: 3}
      propertyPath: m_RootOrder
      value: 4
      objectReference: {fileID: 0}
    - target: {fileID: 8428890086254220743, guid: c79f03984c6e48f4d8cd688024f62f7f,
        type: 3}
      propertyPath: m_LocalEulerAnglesHint.x
      value: 0
      objectReference: {fileID: 0}
    - target: {fileID: 8428890086254220743, guid: c79f03984c6e48f4d8cd688024f62f7f,
        type: 3}
      propertyPath: m_LocalEulerAnglesHint.y
      value: 0
      objectReference: {fileID: 0}
    - target: {fileID: 8428890086254220743, guid: c79f03984c6e48f4d8cd688024f62f7f,
        type: 3}
      propertyPath: m_LocalEulerAnglesHint.z
      value: 0
      objectReference: {fileID: 0}
    - target: {fileID: 8172572654677218375, guid: c79f03984c6e48f4d8cd688024f62f7f,
        type: 3}
      propertyPath: m_Size.y
      value: 1
      objectReference: {fileID: 0}
    - target: {fileID: 8172572654677218375, guid: c79f03984c6e48f4d8cd688024f62f7f,
        type: 3}
      propertyPath: m_Size.x
      value: 5
      objectReference: {fileID: 0}
    - target: {fileID: 6791169244725608596, guid: c79f03984c6e48f4d8cd688024f62f7f,
        type: 3}
      propertyPath: m_SpriteTilingProperty.newSize.y
      value: 1
      objectReference: {fileID: 0}
    - target: {fileID: 6791169244725608596, guid: c79f03984c6e48f4d8cd688024f62f7f,
        type: 3}
      propertyPath: m_Size.y
      value: 0.7
      objectReference: {fileID: 0}
    - target: {fileID: 6791169244725608596, guid: c79f03984c6e48f4d8cd688024f62f7f,
        type: 3}
      propertyPath: m_SpriteTilingProperty.newSize.x
      value: 5
      objectReference: {fileID: 0}
    - target: {fileID: 6791169244725608596, guid: c79f03984c6e48f4d8cd688024f62f7f,
        type: 3}
      propertyPath: m_Size.x
      value: 4.7
      objectReference: {fileID: 0}
    m_RemovedComponents: []
  m_SourcePrefab: {fileID: 100100000, guid: c79f03984c6e48f4d8cd688024f62f7f, type: 3}
--- !u!4 &8428890086031181166 stripped
Transform:
  m_CorrespondingSourceObject: {fileID: 8428890086254220743, guid: c79f03984c6e48f4d8cd688024f62f7f,
    type: 3}
  m_PrefabInstance: {fileID: 357421225}
  m_PrefabAsset: {fileID: 0}
--- !u!1001 &496402439
PrefabInstance:
  m_ObjectHideFlags: 0
  serializedVersion: 2
  m_Modification:
    m_TransformParent: {fileID: 5527918281440830418}
    m_Modifications:
    - target: {fileID: 2958839111431904746, guid: c79f03984c6e48f4d8cd688024f62f7f,
        type: 3}
      propertyPath: m_Name
      value: Platform (3)
      objectReference: {fileID: 0}
    - target: {fileID: 8428890086254220743, guid: c79f03984c6e48f4d8cd688024f62f7f,
        type: 3}
      propertyPath: m_LocalPosition.x
      value: 0
      objectReference: {fileID: 0}
    - target: {fileID: 8428890086254220743, guid: c79f03984c6e48f4d8cd688024f62f7f,
        type: 3}
      propertyPath: m_LocalPosition.y
      value: -3.5
      objectReference: {fileID: 0}
    - target: {fileID: 8428890086254220743, guid: c79f03984c6e48f4d8cd688024f62f7f,
        type: 3}
      propertyPath: m_LocalPosition.z
      value: 0
      objectReference: {fileID: 0}
    - target: {fileID: 8428890086254220743, guid: c79f03984c6e48f4d8cd688024f62f7f,
        type: 3}
      propertyPath: m_LocalRotation.x
      value: 0
      objectReference: {fileID: 0}
    - target: {fileID: 8428890086254220743, guid: c79f03984c6e48f4d8cd688024f62f7f,
        type: 3}
      propertyPath: m_LocalRotation.y
      value: 0
      objectReference: {fileID: 0}
    - target: {fileID: 8428890086254220743, guid: c79f03984c6e48f4d8cd688024f62f7f,
        type: 3}
      propertyPath: m_LocalRotation.z
      value: 0
      objectReference: {fileID: 0}
    - target: {fileID: 8428890086254220743, guid: c79f03984c6e48f4d8cd688024f62f7f,
        type: 3}
      propertyPath: m_LocalRotation.w
      value: 1
      objectReference: {fileID: 0}
    - target: {fileID: 8428890086254220743, guid: c79f03984c6e48f4d8cd688024f62f7f,
        type: 3}
      propertyPath: m_RootOrder
      value: 3
      objectReference: {fileID: 0}
    - target: {fileID: 8428890086254220743, guid: c79f03984c6e48f4d8cd688024f62f7f,
        type: 3}
      propertyPath: m_LocalEulerAnglesHint.x
      value: 0
      objectReference: {fileID: 0}
    - target: {fileID: 8428890086254220743, guid: c79f03984c6e48f4d8cd688024f62f7f,
        type: 3}
      propertyPath: m_LocalEulerAnglesHint.y
      value: 0
      objectReference: {fileID: 0}
    - target: {fileID: 8428890086254220743, guid: c79f03984c6e48f4d8cd688024f62f7f,
        type: 3}
      propertyPath: m_LocalEulerAnglesHint.z
      value: 0
      objectReference: {fileID: 0}
    - target: {fileID: 8172572654677218375, guid: c79f03984c6e48f4d8cd688024f62f7f,
        type: 3}
      propertyPath: m_Size.y
      value: 4
      objectReference: {fileID: 0}
    - target: {fileID: 8172572654677218375, guid: c79f03984c6e48f4d8cd688024f62f7f,
        type: 3}
      propertyPath: m_Size.x
      value: 1
      objectReference: {fileID: 0}
    - target: {fileID: 6791169244725608596, guid: c79f03984c6e48f4d8cd688024f62f7f,
        type: 3}
      propertyPath: m_SpriteTilingProperty.newSize.y
      value: 4
      objectReference: {fileID: 0}
    - target: {fileID: 6791169244725608596, guid: c79f03984c6e48f4d8cd688024f62f7f,
        type: 3}
      propertyPath: m_Size.y
      value: 3.7
      objectReference: {fileID: 0}
    - target: {fileID: 6791169244725608596, guid: c79f03984c6e48f4d8cd688024f62f7f,
        type: 3}
      propertyPath: m_SpriteTilingProperty.newSize.x
      value: 1
      objectReference: {fileID: 0}
    - target: {fileID: 6791169244725608596, guid: c79f03984c6e48f4d8cd688024f62f7f,
        type: 3}
      propertyPath: m_Size.x
      value: 0.7
      objectReference: {fileID: 0}
    m_RemovedComponents: []
  m_SourcePrefab: {fileID: 100100000, guid: c79f03984c6e48f4d8cd688024f62f7f, type: 3}
--- !u!4 &8428890086160471488 stripped
Transform:
  m_CorrespondingSourceObject: {fileID: 8428890086254220743, guid: c79f03984c6e48f4d8cd688024f62f7f,
    type: 3}
  m_PrefabInstance: {fileID: 496402439}
  m_PrefabAsset: {fileID: 0}
--- !u!1001 &840836520
PrefabInstance:
  m_ObjectHideFlags: 0
  serializedVersion: 2
  m_Modification:
    m_TransformParent: {fileID: 5527918281440830418}
    m_Modifications:
    - target: {fileID: 2958839111431904746, guid: c79f03984c6e48f4d8cd688024f62f7f,
        type: 3}
      propertyPath: m_Name
      value: Platform (2)
      objectReference: {fileID: 0}
    - target: {fileID: 8428890086254220743, guid: c79f03984c6e48f4d8cd688024f62f7f,
        type: 3}
      propertyPath: m_LocalPosition.x
      value: 0
      objectReference: {fileID: 0}
    - target: {fileID: 8428890086254220743, guid: c79f03984c6e48f4d8cd688024f62f7f,
        type: 3}
      propertyPath: m_LocalPosition.y
      value: 11
      objectReference: {fileID: 0}
    - target: {fileID: 8428890086254220743, guid: c79f03984c6e48f4d8cd688024f62f7f,
        type: 3}
      propertyPath: m_LocalPosition.z
      value: 0
      objectReference: {fileID: 0}
    - target: {fileID: 8428890086254220743, guid: c79f03984c6e48f4d8cd688024f62f7f,
        type: 3}
      propertyPath: m_LocalRotation.x
      value: 0
      objectReference: {fileID: 0}
    - target: {fileID: 8428890086254220743, guid: c79f03984c6e48f4d8cd688024f62f7f,
        type: 3}
      propertyPath: m_LocalRotation.y
      value: 0
      objectReference: {fileID: 0}
    - target: {fileID: 8428890086254220743, guid: c79f03984c6e48f4d8cd688024f62f7f,
        type: 3}
      propertyPath: m_LocalRotation.z
      value: 0
      objectReference: {fileID: 0}
    - target: {fileID: 8428890086254220743, guid: c79f03984c6e48f4d8cd688024f62f7f,
        type: 3}
      propertyPath: m_LocalRotation.w
      value: 1
      objectReference: {fileID: 0}
    - target: {fileID: 8428890086254220743, guid: c79f03984c6e48f4d8cd688024f62f7f,
        type: 3}
      propertyPath: m_RootOrder
      value: 2
      objectReference: {fileID: 0}
    - target: {fileID: 8428890086254220743, guid: c79f03984c6e48f4d8cd688024f62f7f,
        type: 3}
      propertyPath: m_LocalEulerAnglesHint.x
      value: 0
      objectReference: {fileID: 0}
    - target: {fileID: 8428890086254220743, guid: c79f03984c6e48f4d8cd688024f62f7f,
        type: 3}
      propertyPath: m_LocalEulerAnglesHint.y
      value: 0
      objectReference: {fileID: 0}
    - target: {fileID: 8428890086254220743, guid: c79f03984c6e48f4d8cd688024f62f7f,
        type: 3}
      propertyPath: m_LocalEulerAnglesHint.z
      value: 0
      objectReference: {fileID: 0}
    - target: {fileID: 8172572654677218375, guid: c79f03984c6e48f4d8cd688024f62f7f,
        type: 3}
      propertyPath: m_Size.y
      value: 2
      objectReference: {fileID: 0}
    - target: {fileID: 8172572654677218375, guid: c79f03984c6e48f4d8cd688024f62f7f,
        type: 3}
      propertyPath: m_Size.x
      value: 16
      objectReference: {fileID: 0}
    - target: {fileID: 6791169244725608596, guid: c79f03984c6e48f4d8cd688024f62f7f,
        type: 3}
      propertyPath: m_SpriteTilingProperty.newSize.y
      value: 2
      objectReference: {fileID: 0}
    - target: {fileID: 6791169244725608596, guid: c79f03984c6e48f4d8cd688024f62f7f,
        type: 3}
      propertyPath: m_Size.y
      value: 1.7
      objectReference: {fileID: 0}
    - target: {fileID: 6791169244725608596, guid: c79f03984c6e48f4d8cd688024f62f7f,
        type: 3}
      propertyPath: m_SpriteTilingProperty.newSize.x
      value: 16
      objectReference: {fileID: 0}
    - target: {fileID: 6791169244725608596, guid: c79f03984c6e48f4d8cd688024f62f7f,
        type: 3}
      propertyPath: m_Size.x
      value: 15.7
      objectReference: {fileID: 0}
    m_RemovedComponents: []
  m_SourcePrefab: {fileID: 100100000, guid: c79f03984c6e48f4d8cd688024f62f7f, type: 3}
--- !u!4 &8428890086554251375 stripped
Transform:
  m_CorrespondingSourceObject: {fileID: 8428890086254220743, guid: c79f03984c6e48f4d8cd688024f62f7f,
    type: 3}
  m_PrefabInstance: {fileID: 840836520}
  m_PrefabAsset: {fileID: 0}
--- !u!1001 &1413975376
PrefabInstance:
  m_ObjectHideFlags: 0
  serializedVersion: 2
  m_Modification:
    m_TransformParent: {fileID: 5527918281440830418}
    m_Modifications:
    - target: {fileID: 2958839111431904746, guid: c79f03984c6e48f4d8cd688024f62f7f,
        type: 3}
      propertyPath: m_Name
      value: Platform (5)
      objectReference: {fileID: 0}
    - target: {fileID: 8428890086254220743, guid: c79f03984c6e48f4d8cd688024f62f7f,
        type: 3}
      propertyPath: m_LocalPosition.x
      value: 6.5
      objectReference: {fileID: 0}
    - target: {fileID: 8428890086254220743, guid: c79f03984c6e48f4d8cd688024f62f7f,
        type: 3}
      propertyPath: m_LocalPosition.y
      value: -1
      objectReference: {fileID: 0}
    - target: {fileID: 8428890086254220743, guid: c79f03984c6e48f4d8cd688024f62f7f,
        type: 3}
      propertyPath: m_LocalPosition.z
      value: 0
      objectReference: {fileID: 0}
    - target: {fileID: 8428890086254220743, guid: c79f03984c6e48f4d8cd688024f62f7f,
        type: 3}
      propertyPath: m_LocalRotation.x
      value: 0
      objectReference: {fileID: 0}
    - target: {fileID: 8428890086254220743, guid: c79f03984c6e48f4d8cd688024f62f7f,
        type: 3}
      propertyPath: m_LocalRotation.y
      value: 0
      objectReference: {fileID: 0}
    - target: {fileID: 8428890086254220743, guid: c79f03984c6e48f4d8cd688024f62f7f,
        type: 3}
      propertyPath: m_LocalRotation.z
      value: 0
      objectReference: {fileID: 0}
    - target: {fileID: 8428890086254220743, guid: c79f03984c6e48f4d8cd688024f62f7f,
        type: 3}
      propertyPath: m_LocalRotation.w
      value: 1
      objectReference: {fileID: 0}
    - target: {fileID: 8428890086254220743, guid: c79f03984c6e48f4d8cd688024f62f7f,
        type: 3}
      propertyPath: m_RootOrder
      value: 5
      objectReference: {fileID: 0}
    - target: {fileID: 8428890086254220743, guid: c79f03984c6e48f4d8cd688024f62f7f,
        type: 3}
      propertyPath: m_LocalEulerAnglesHint.x
      value: 0
      objectReference: {fileID: 0}
    - target: {fileID: 8428890086254220743, guid: c79f03984c6e48f4d8cd688024f62f7f,
        type: 3}
      propertyPath: m_LocalEulerAnglesHint.y
      value: 0
      objectReference: {fileID: 0}
    - target: {fileID: 8428890086254220743, guid: c79f03984c6e48f4d8cd688024f62f7f,
        type: 3}
      propertyPath: m_LocalEulerAnglesHint.z
      value: 0
      objectReference: {fileID: 0}
    - target: {fileID: 8172572654677218375, guid: c79f03984c6e48f4d8cd688024f62f7f,
        type: 3}
      propertyPath: m_Size.y
      value: 22
      objectReference: {fileID: 0}
    - target: {fileID: 8172572654677218375, guid: c79f03984c6e48f4d8cd688024f62f7f,
        type: 3}
      propertyPath: m_Size.x
      value: 2
      objectReference: {fileID: 0}
    - target: {fileID: 6791169244725608596, guid: c79f03984c6e48f4d8cd688024f62f7f,
        type: 3}
      propertyPath: m_SpriteTilingProperty.newSize.y
      value: 22
      objectReference: {fileID: 0}
    - target: {fileID: 6791169244725608596, guid: c79f03984c6e48f4d8cd688024f62f7f,
        type: 3}
      propertyPath: m_Size.y
      value: 21.7
      objectReference: {fileID: 0}
    - target: {fileID: 6791169244725608596, guid: c79f03984c6e48f4d8cd688024f62f7f,
        type: 3}
      propertyPath: m_SpriteTilingProperty.newSize.x
      value: 2
      objectReference: {fileID: 0}
    - target: {fileID: 6791169244725608596, guid: c79f03984c6e48f4d8cd688024f62f7f,
        type: 3}
      propertyPath: m_Size.x
      value: 1.7
      objectReference: {fileID: 0}
    m_RemovedComponents: []
  m_SourcePrefab: {fileID: 100100000, guid: c79f03984c6e48f4d8cd688024f62f7f, type: 3}
--- !u!4 &8428890087122081943 stripped
Transform:
  m_CorrespondingSourceObject: {fileID: 8428890086254220743, guid: c79f03984c6e48f4d8cd688024f62f7f,
    type: 3}
  m_PrefabInstance: {fileID: 1413975376}
  m_PrefabAsset: {fileID: 0}
--- !u!1001 &1838799649
PrefabInstance:
  m_ObjectHideFlags: 0
  serializedVersion: 2
  m_Modification:
    m_TransformParent: {fileID: 5527918281440830418}
    m_Modifications:
    - target: {fileID: 5596843319308109367, guid: 67e6d73c3b25bff4db8165561129766b,
        type: 3}
      propertyPath: m_Name
      value: Hostile Platform
      objectReference: {fileID: 0}
    - target: {fileID: 1179236969741291034, guid: 67e6d73c3b25bff4db8165561129766b,
        type: 3}
      propertyPath: m_LocalPosition.x
      value: 2.75
      objectReference: {fileID: 0}
    - target: {fileID: 1179236969741291034, guid: 67e6d73c3b25bff4db8165561129766b,
        type: 3}
      propertyPath: m_LocalPosition.y
      value: -12.148
      objectReference: {fileID: 0}
    - target: {fileID: 1179236969741291034, guid: 67e6d73c3b25bff4db8165561129766b,
        type: 3}
      propertyPath: m_LocalPosition.z
      value: 0
      objectReference: {fileID: 0}
    - target: {fileID: 1179236969741291034, guid: 67e6d73c3b25bff4db8165561129766b,
        type: 3}
      propertyPath: m_LocalRotation.x
      value: 0
      objectReference: {fileID: 0}
    - target: {fileID: 1179236969741291034, guid: 67e6d73c3b25bff4db8165561129766b,
        type: 3}
      propertyPath: m_LocalRotation.y
      value: 0
      objectReference: {fileID: 0}
    - target: {fileID: 1179236969741291034, guid: 67e6d73c3b25bff4db8165561129766b,
        type: 3}
      propertyPath: m_LocalRotation.z
      value: 0
      objectReference: {fileID: 0}
    - target: {fileID: 1179236969741291034, guid: 67e6d73c3b25bff4db8165561129766b,
        type: 3}
      propertyPath: m_LocalRotation.w
      value: 1
      objectReference: {fileID: 0}
    - target: {fileID: 1179236969741291034, guid: 67e6d73c3b25bff4db8165561129766b,
        type: 3}
      propertyPath: m_RootOrder
      value: 6
      objectReference: {fileID: 0}
    - target: {fileID: 1179236969741291034, guid: 67e6d73c3b25bff4db8165561129766b,
        type: 3}
      propertyPath: m_LocalEulerAnglesHint.x
      value: 0
      objectReference: {fileID: 0}
    - target: {fileID: 1179236969741291034, guid: 67e6d73c3b25bff4db8165561129766b,
        type: 3}
      propertyPath: m_LocalEulerAnglesHint.y
      value: 0
      objectReference: {fileID: 0}
    - target: {fileID: 1179236969741291034, guid: 67e6d73c3b25bff4db8165561129766b,
        type: 3}
      propertyPath: m_LocalEulerAnglesHint.z
      value: 0
      objectReference: {fileID: 0}
    - target: {fileID: 4222977136570604361, guid: 67e6d73c3b25bff4db8165561129766b,
        type: 3}
      propertyPath: m_SpriteTilingProperty.newSize.x
      value: 5.5
      objectReference: {fileID: 0}
    - target: {fileID: 4222977136570604361, guid: 67e6d73c3b25bff4db8165561129766b,
        type: 3}
      propertyPath: m_Size.x
      value: 5.2
      objectReference: {fileID: 0}
    - target: {fileID: 4222977136570604361, guid: 67e6d73c3b25bff4db8165561129766b,
        type: 3}
      propertyPath: m_SpriteTilingProperty.newSize.y
      value: 3.29673
      objectReference: {fileID: 0}
    - target: {fileID: 4222977136570604361, guid: 67e6d73c3b25bff4db8165561129766b,
        type: 3}
      propertyPath: m_Size.y
      value: 2.99673
      objectReference: {fileID: 0}
    - target: {fileID: 1571435907294547866, guid: 67e6d73c3b25bff4db8165561129766b,
        type: 3}
      propertyPath: m_Size.x
      value: 5.5
      objectReference: {fileID: 0}
    - target: {fileID: 1571435907294547866, guid: 67e6d73c3b25bff4db8165561129766b,
        type: 3}
      propertyPath: m_Size.y
      value: 3.29673
      objectReference: {fileID: 0}
    m_RemovedComponents: []
  m_SourcePrefab: {fileID: 100100000, guid: 67e6d73c3b25bff4db8165561129766b, type: 3}
--- !u!4 &1179236970068038971 stripped
Transform:
  m_CorrespondingSourceObject: {fileID: 1179236969741291034, guid: 67e6d73c3b25bff4db8165561129766b,
    type: 3}
  m_PrefabInstance: {fileID: 1838799649}
  m_PrefabAsset: {fileID: 0}
--- !u!1001 &2104632890
PrefabInstance:
  m_ObjectHideFlags: 0
  serializedVersion: 2
  m_Modification:
    m_TransformParent: {fileID: 5527918281440830418}
    m_Modifications:
    - target: {fileID: 2958839111431904746, guid: c79f03984c6e48f4d8cd688024f62f7f,
        type: 3}
      propertyPath: m_Name
      value: Platform (1)
      objectReference: {fileID: 0}
    - target: {fileID: 8428890086254220743, guid: c79f03984c6e48f4d8cd688024f62f7f,
        type: 3}
      propertyPath: m_LocalPosition.x
      value: -6.5
      objectReference: {fileID: 0}
    - target: {fileID: 8428890086254220743, guid: c79f03984c6e48f4d8cd688024f62f7f,
        type: 3}
      propertyPath: m_LocalPosition.y
      value: 0
      objectReference: {fileID: 0}
    - target: {fileID: 8428890086254220743, guid: c79f03984c6e48f4d8cd688024f62f7f,
        type: 3}
      propertyPath: m_LocalPosition.z
      value: 0
      objectReference: {fileID: 0}
    - target: {fileID: 8428890086254220743, guid: c79f03984c6e48f4d8cd688024f62f7f,
        type: 3}
      propertyPath: m_LocalRotation.x
      value: 0
      objectReference: {fileID: 0}
    - target: {fileID: 8428890086254220743, guid: c79f03984c6e48f4d8cd688024f62f7f,
        type: 3}
      propertyPath: m_LocalRotation.y
      value: 0
      objectReference: {fileID: 0}
    - target: {fileID: 8428890086254220743, guid: c79f03984c6e48f4d8cd688024f62f7f,
        type: 3}
      propertyPath: m_LocalRotation.z
      value: 0
      objectReference: {fileID: 0}
    - target: {fileID: 8428890086254220743, guid: c79f03984c6e48f4d8cd688024f62f7f,
        type: 3}
      propertyPath: m_LocalRotation.w
      value: 1
      objectReference: {fileID: 0}
    - target: {fileID: 8428890086254220743, guid: c79f03984c6e48f4d8cd688024f62f7f,
        type: 3}
      propertyPath: m_RootOrder
      value: 1
      objectReference: {fileID: 0}
    - target: {fileID: 8428890086254220743, guid: c79f03984c6e48f4d8cd688024f62f7f,
        type: 3}
      propertyPath: m_LocalEulerAnglesHint.x
      value: 0
      objectReference: {fileID: 0}
    - target: {fileID: 8428890086254220743, guid: c79f03984c6e48f4d8cd688024f62f7f,
        type: 3}
      propertyPath: m_LocalEulerAnglesHint.y
      value: 0
      objectReference: {fileID: 0}
    - target: {fileID: 8428890086254220743, guid: c79f03984c6e48f4d8cd688024f62f7f,
        type: 3}
      propertyPath: m_LocalEulerAnglesHint.z
      value: 0
      objectReference: {fileID: 0}
    - target: {fileID: 8172572654677218375, guid: c79f03984c6e48f4d8cd688024f62f7f,
        type: 3}
      propertyPath: m_Size.y
      value: 20
      objectReference: {fileID: 0}
    - target: {fileID: 8172572654677218375, guid: c79f03984c6e48f4d8cd688024f62f7f,
        type: 3}
      propertyPath: m_Size.x
      value: 2
      objectReference: {fileID: 0}
    - target: {fileID: 6791169244725608596, guid: c79f03984c6e48f4d8cd688024f62f7f,
        type: 3}
      propertyPath: m_SpriteTilingProperty.newSize.y
      value: 20
      objectReference: {fileID: 0}
    - target: {fileID: 6791169244725608596, guid: c79f03984c6e48f4d8cd688024f62f7f,
        type: 3}
      propertyPath: m_Size.y
      value: 19.7
      objectReference: {fileID: 0}
    - target: {fileID: 6791169244725608596, guid: c79f03984c6e48f4d8cd688024f62f7f,
        type: 3}
      propertyPath: m_SpriteTilingProperty.newSize.x
      value: 2
      objectReference: {fileID: 0}
    - target: {fileID: 6791169244725608596, guid: c79f03984c6e48f4d8cd688024f62f7f,
        type: 3}
      propertyPath: m_Size.x
      value: 1.7
      objectReference: {fileID: 0}
    m_RemovedComponents: []
  m_SourcePrefab: {fileID: 100100000, guid: c79f03984c6e48f4d8cd688024f62f7f, type: 3}
--- !u!4 &8428890087773484029 stripped
Transform:
  m_CorrespondingSourceObject: {fileID: 8428890086254220743, guid: c79f03984c6e48f4d8cd688024f62f7f,
    type: 3}
  m_PrefabInstance: {fileID: 2104632890}
  m_PrefabAsset: {fileID: 0}
--- !u!1001 &499219664924763997
PrefabInstance:
  m_ObjectHideFlags: 0
  serializedVersion: 2
  m_Modification:
    m_TransformParent: {fileID: 0}
    m_Modifications:
    - target: {fileID: 5615792664595679110, guid: 746e400cf8d275a48b64f158bf9a3565,
        type: 3}
      propertyPath: m_Name
      value: Puzzle_Terrain_1
      objectReference: {fileID: 0}
    - target: {fileID: 5615792664595679109, guid: 746e400cf8d275a48b64f158bf9a3565,
        type: 3}
      propertyPath: m_LocalPosition.x
      value: 0
      objectReference: {fileID: 0}
    - target: {fileID: 5615792664595679109, guid: 746e400cf8d275a48b64f158bf9a3565,
        type: 3}
      propertyPath: m_LocalPosition.y
      value: 0
      objectReference: {fileID: 0}
    - target: {fileID: 5615792664595679109, guid: 746e400cf8d275a48b64f158bf9a3565,
        type: 3}
      propertyPath: m_LocalPosition.z
      value: 0
      objectReference: {fileID: 0}
    - target: {fileID: 5615792664595679109, guid: 746e400cf8d275a48b64f158bf9a3565,
        type: 3}
      propertyPath: m_LocalRotation.x
      value: 0
      objectReference: {fileID: 0}
    - target: {fileID: 5615792664595679109, guid: 746e400cf8d275a48b64f158bf9a3565,
        type: 3}
      propertyPath: m_LocalRotation.y
      value: 0
      objectReference: {fileID: 0}
    - target: {fileID: 5615792664595679109, guid: 746e400cf8d275a48b64f158bf9a3565,
        type: 3}
      propertyPath: m_LocalRotation.z
      value: 0
      objectReference: {fileID: 0}
    - target: {fileID: 5615792664595679109, guid: 746e400cf8d275a48b64f158bf9a3565,
        type: 3}
      propertyPath: m_LocalRotation.w
      value: 1
      objectReference: {fileID: 0}
    - target: {fileID: 5615792664595679109, guid: 746e400cf8d275a48b64f158bf9a3565,
        type: 3}
      propertyPath: m_RootOrder
      value: 0
      objectReference: {fileID: 0}
    - target: {fileID: 5615792664595679109, guid: 746e400cf8d275a48b64f158bf9a3565,
        type: 3}
      propertyPath: m_LocalEulerAnglesHint.x
      value: 0
      objectReference: {fileID: 0}
    - target: {fileID: 5615792664595679109, guid: 746e400cf8d275a48b64f158bf9a3565,
        type: 3}
      propertyPath: m_LocalEulerAnglesHint.y
      value: 0
      objectReference: {fileID: 0}
    - target: {fileID: 5615792664595679109, guid: 746e400cf8d275a48b64f158bf9a3565,
        type: 3}
      propertyPath: m_LocalEulerAnglesHint.z
      value: 0
      objectReference: {fileID: 0}
    - target: {fileID: 5000000085879629299, guid: 746e400cf8d275a48b64f158bf9a3565,
        type: 3}
      propertyPath: m_LocalPosition.y
      value: 9
      objectReference: {fileID: 0}
    - target: {fileID: 446922283018664710, guid: 746e400cf8d275a48b64f158bf9a3565,
        type: 3}
      propertyPath: m_LocalPosition.x
      value: -3
      objectReference: {fileID: 0}
    - target: {fileID: 446922283018664710, guid: 746e400cf8d275a48b64f158bf9a3565,
        type: 3}
      propertyPath: m_LocalPosition.y
      value: -7
      objectReference: {fileID: 0}
    - target: {fileID: 4007362378935008415, guid: 746e400cf8d275a48b64f158bf9a3565,
        type: 3}
      propertyPath: m_LocalPosition.x
      value: 3
      objectReference: {fileID: 0}
    - target: {fileID: 4007362378935008415, guid: 746e400cf8d275a48b64f158bf9a3565,
        type: 3}
      propertyPath: m_LocalPosition.y
      value: -4
      objectReference: {fileID: 0}
    - target: {fileID: 6162934957042334727, guid: 746e400cf8d275a48b64f158bf9a3565,
        type: 3}
      propertyPath: m_LocalPosition.x
      value: 2
      objectReference: {fileID: 0}
    - target: {fileID: 6162934957042334727, guid: 746e400cf8d275a48b64f158bf9a3565,
        type: 3}
      propertyPath: m_LocalPosition.y
      value: 6
      objectReference: {fileID: 0}
    - target: {fileID: 5979748630760144061, guid: 746e400cf8d275a48b64f158bf9a3565,
        type: 3}
      propertyPath: m_LocalPosition.y
      value: 1
      objectReference: {fileID: 0}
    - target: {fileID: 5979748630760144061, guid: 746e400cf8d275a48b64f158bf9a3565,
        type: 3}
      propertyPath: m_LocalPosition.x
      value: -3
      objectReference: {fileID: 0}
    - target: {fileID: 7369151065835968383, guid: 746e400cf8d275a48b64f158bf9a3565,
        type: 3}
      propertyPath: m_Name
      value: _Defaults
      objectReference: {fileID: 0}
    m_RemovedComponents: []
  m_SourcePrefab: {fileID: 100100000, guid: 746e400cf8d275a48b64f158bf9a3565, type: 3}
--- !u!4 &5405120063105835224 stripped
Transform:
  m_CorrespondingSourceObject: {fileID: 5615792664595679109, guid: 746e400cf8d275a48b64f158bf9a3565,
    type: 3}
  m_PrefabInstance: {fileID: 499219664924763997}
  m_PrefabAsset: {fileID: 0}
--- !u!1001 &8574479609716254587
PrefabInstance:
  m_ObjectHideFlags: 0
  serializedVersion: 2
  m_Modification:
    m_TransformParent: {fileID: 5527918281440830418}
    m_Modifications:
    - target: {fileID: 2958839111431904746, guid: c79f03984c6e48f4d8cd688024f62f7f,
        type: 3}
      propertyPath: m_Name
      value: Platform (6)
      objectReference: {fileID: 0}
    - target: {fileID: 8428890086254220743, guid: c79f03984c6e48f4d8cd688024f62f7f,
        type: 3}
      propertyPath: m_LocalPosition.x
      value: 0
      objectReference: {fileID: 0}
    - target: {fileID: 8428890086254220743, guid: c79f03984c6e48f4d8cd688024f62f7f,
        type: 3}
      propertyPath: m_LocalPosition.y
      value: 1
      objectReference: {fileID: 0}
    - target: {fileID: 8428890086254220743, guid: c79f03984c6e48f4d8cd688024f62f7f,
        type: 3}
      propertyPath: m_LocalPosition.z
      value: 0
      objectReference: {fileID: 0}
    - target: {fileID: 8428890086254220743, guid: c79f03984c6e48f4d8cd688024f62f7f,
        type: 3}
      propertyPath: m_LocalRotation.x
      value: -0
      objectReference: {fileID: 0}
    - target: {fileID: 8428890086254220743, guid: c79f03984c6e48f4d8cd688024f62f7f,
        type: 3}
      propertyPath: m_LocalRotation.y
      value: -0
      objectReference: {fileID: 0}
    - target: {fileID: 8428890086254220743, guid: c79f03984c6e48f4d8cd688024f62f7f,
        type: 3}
      propertyPath: m_LocalRotation.z
      value: -0.70710677
      objectReference: {fileID: 0}
    - target: {fileID: 8428890086254220743, guid: c79f03984c6e48f4d8cd688024f62f7f,
        type: 3}
      propertyPath: m_LocalRotation.w
      value: 0.7071068
      objectReference: {fileID: 0}
    - target: {fileID: 8428890086254220743, guid: c79f03984c6e48f4d8cd688024f62f7f,
        type: 3}
      propertyPath: m_RootOrder
      value: 7
      objectReference: {fileID: 0}
    - target: {fileID: 8428890086254220743, guid: c79f03984c6e48f4d8cd688024f62f7f,
        type: 3}
      propertyPath: m_LocalEulerAnglesHint.x
      value: 0
      objectReference: {fileID: 0}
    - target: {fileID: 8428890086254220743, guid: c79f03984c6e48f4d8cd688024f62f7f,
        type: 3}
      propertyPath: m_LocalEulerAnglesHint.y
      value: 0
      objectReference: {fileID: 0}
    - target: {fileID: 8428890086254220743, guid: c79f03984c6e48f4d8cd688024f62f7f,
        type: 3}
      propertyPath: m_LocalEulerAnglesHint.z
      value: -90.00001
      objectReference: {fileID: 0}
    - target: {fileID: 8172572654677218375, guid: c79f03984c6e48f4d8cd688024f62f7f,
        type: 3}
      propertyPath: m_Size.y
      value: 1
      objectReference: {fileID: 0}
    - target: {fileID: 8172572654677218375, guid: c79f03984c6e48f4d8cd688024f62f7f,
        type: 3}
      propertyPath: m_Size.x
      value: 5
      objectReference: {fileID: 0}
    - target: {fileID: 6791169244725608596, guid: c79f03984c6e48f4d8cd688024f62f7f,
        type: 3}
      propertyPath: m_SpriteTilingProperty.newSize.y
      value: 1
      objectReference: {fileID: 0}
    - target: {fileID: 6791169244725608596, guid: c79f03984c6e48f4d8cd688024f62f7f,
        type: 3}
      propertyPath: m_Size.y
      value: 0.7
      objectReference: {fileID: 0}
    - target: {fileID: 6791169244725608596, guid: c79f03984c6e48f4d8cd688024f62f7f,
        type: 3}
      propertyPath: m_SpriteTilingProperty.newSize.x
      value: 5
      objectReference: {fileID: 0}
    - target: {fileID: 6791169244725608596, guid: c79f03984c6e48f4d8cd688024f62f7f,
        type: 3}
      propertyPath: m_Size.x
      value: 4.7
      objectReference: {fileID: 0}
    m_RemovedComponents: []
  m_SourcePrefab: {fileID: 100100000, guid: c79f03984c6e48f4d8cd688024f62f7f, type: 3}
--- !u!4 &146302282446222012 stripped
Transform:
  m_CorrespondingSourceObject: {fileID: 8428890086254220743, guid: c79f03984c6e48f4d8cd688024f62f7f,
    type: 3}
  m_PrefabInstance: {fileID: 8574479609716254587}
  m_PrefabAsset: {fileID: 0}
