%YAML 1.1
%TAG !u! tag:unity3d.com,2011:
--- !u!114 &5223141484899063561
MonoBehaviour:
  m_ObjectHideFlags: 0
  m_CorrespondingSourceObject: {fileID: 0}
  m_PrefabInstance: {fileID: 0}
  m_PrefabAsset: {fileID: 0}
  m_GameObject: {fileID: 1717451750021053833}
  m_Enabled: 1
  m_EditorHideFlags: 0
  m_Script: {fileID: 11500000, guid: 1f9b06874fca47845b1c37a573b0a2d5, type: 3}
  m_Name: 
  m_EditorClassIdentifier: 
  buttonCollider: {fileID: 848403427368324060}
  nameTagText: {fileID: 8273052912229886486}
  priceTagText: {fileID: 4826094692445914879}
  priceTagConteiner: {fileID: 203595234160168194}
  nameTagConteiner: {fileID: 2864859715397315401}
  tagsRoot: {fileID: 6677911215857998921}
  icon: {fileID: 0}
  spriteRenderer: {fileID: 758591393571885513}
--- !u!1 &7031747595335170538
GameObject:
  m_ObjectHideFlags: 0
  m_CorrespondingSourceObject: {fileID: 0}
  m_PrefabInstance: {fileID: 0}
  m_PrefabAsset: {fileID: 0}
  serializedVersion: 6
  m_Component:
  - component: {fileID: 604140363838682095}
  - component: {fileID: 758591393571885513}
  m_Layer: 13
  m_Name: Render
  m_TagString: Untagged
  m_Icon: {fileID: 0}
  m_NavMeshLayer: 0
  m_StaticEditorFlags: 0
  m_IsActive: 1
--- !u!4 &604140363838682095
Transform:
  m_ObjectHideFlags: 0
  m_CorrespondingSourceObject: {fileID: 0}
  m_PrefabInstance: {fileID: 0}
  m_PrefabAsset: {fileID: 0}
  m_GameObject: {fileID: 7031747595335170538}
  m_LocalRotation: {x: -0, y: -0, z: -0, w: 1}
  m_LocalPosition: {x: 0, y: 0, z: 0}
  m_LocalScale: {x: 1, y: 1, z: 1}
  m_Children: []
  m_Father: {fileID: 8355451131711111482}
  m_RootOrder: 0
  m_LocalEulerAnglesHint: {x: 0, y: 0, z: 0}
--- !u!212 &758591393571885513
SpriteRenderer:
  m_ObjectHideFlags: 0
  m_CorrespondingSourceObject: {fileID: 0}
  m_PrefabInstance: {fileID: 0}
  m_PrefabAsset: {fileID: 0}
  m_GameObject: {fileID: 7031747595335170538}
  m_Enabled: 1
  m_CastShadows: 0
  m_ReceiveShadows: 0
  m_DynamicOccludee: 1
  m_MotionVectors: 1
  m_LightProbeUsage: 1
  m_ReflectionProbeUsage: 1
  m_RenderingLayerMask: 1
  m_RendererPriority: 0
  m_Materials:
  - {fileID: 10754, guid: 0000000000000000f000000000000000, type: 0}
  m_StaticBatchInfo:
    firstSubMesh: 0
    subMeshCount: 0
  m_StaticBatchRoot: {fileID: 0}
  m_ProbeAnchor: {fileID: 0}
  m_LightProbeVolumeOverride: {fileID: 0}
  m_ScaleInLightmap: 1
  m_PreserveUVs: 0
  m_IgnoreNormalsForChartDetection: 0
  m_ImportantGI: 0
  m_StitchLightmapSeams: 0
  m_SelectedEditorRenderState: 0
  m_MinimumChartSize: 4
  m_AutoUVMaxDistance: 0.5
  m_AutoUVMaxAngle: 89
  m_LightmapParameters: {fileID: 0}
  m_SortingLayerID: 0
  m_SortingLayer: 0
  m_SortingOrder: 0
  m_Sprite: {fileID: 21300000, guid: 5c1763f16d5d0dc439d32cbb3420d78a, type: 3}
  m_Color: {r: 1, g: 1, b: 1, a: 1}
  m_FlipX: 0
  m_FlipY: 0
  m_DrawMode: 0
  m_Size: {x: 2.55, y: 2.55}
  m_AdaptiveModeThreshold: 0.5
  m_SpriteTileMode: 0
  m_WasSpriteAssigned: 1
  m_MaskInteraction: 0
  m_SpriteSortPoint: 0
--- !u!1001 &8424549757297786967
PrefabInstance:
  m_ObjectHideFlags: 0
  serializedVersion: 2
  m_Modification:
    m_TransformParent: {fileID: 0}
    m_Modifications:
    - target: {fileID: 7151608568242126302, guid: a7e8b317f50bcec4487933d5265f08a3,
        type: 3}
      propertyPath: m_Name
      value: ProductDisplay_Sprite
      objectReference: {fileID: 0}
    - target: {fileID: 7345249731527097384, guid: a7e8b317f50bcec4487933d5265f08a3,
        type: 3}
      propertyPath: m_LocalPosition.x
      value: 0
      objectReference: {fileID: 0}
    - target: {fileID: 7345249731527097384, guid: a7e8b317f50bcec4487933d5265f08a3,
        type: 3}
      propertyPath: m_LocalPosition.y
      value: 0
      objectReference: {fileID: 0}
    - target: {fileID: 7345249731527097384, guid: a7e8b317f50bcec4487933d5265f08a3,
        type: 3}
      propertyPath: m_LocalPosition.z
      value: 0
      objectReference: {fileID: 0}
    - target: {fileID: 7345249731527097384, guid: a7e8b317f50bcec4487933d5265f08a3,
        type: 3}
      propertyPath: m_LocalRotation.x
      value: 0
      objectReference: {fileID: 0}
    - target: {fileID: 7345249731527097384, guid: a7e8b317f50bcec4487933d5265f08a3,
        type: 3}
      propertyPath: m_LocalRotation.y
      value: 0
      objectReference: {fileID: 0}
    - target: {fileID: 7345249731527097384, guid: a7e8b317f50bcec4487933d5265f08a3,
        type: 3}
      propertyPath: m_LocalRotation.z
      value: 0
      objectReference: {fileID: 0}
    - target: {fileID: 7345249731527097384, guid: a7e8b317f50bcec4487933d5265f08a3,
        type: 3}
      propertyPath: m_LocalRotation.w
      value: 1
      objectReference: {fileID: 0}
    - target: {fileID: 7345249731527097384, guid: a7e8b317f50bcec4487933d5265f08a3,
        type: 3}
      propertyPath: m_RootOrder
      value: 0
      objectReference: {fileID: 0}
    - target: {fileID: 7345249731527097384, guid: a7e8b317f50bcec4487933d5265f08a3,
        type: 3}
      propertyPath: m_LocalEulerAnglesHint.x
      value: 0
      objectReference: {fileID: 0}
    - target: {fileID: 7345249731527097384, guid: a7e8b317f50bcec4487933d5265f08a3,
        type: 3}
      propertyPath: m_LocalEulerAnglesHint.y
      value: 0
      objectReference: {fileID: 0}
    - target: {fileID: 7345249731527097384, guid: a7e8b317f50bcec4487933d5265f08a3,
        type: 3}
      propertyPath: m_LocalEulerAnglesHint.z
      value: 0
      objectReference: {fileID: 0}
    - target: {fileID: 2902208773936815134, guid: a7e8b317f50bcec4487933d5265f08a3,
        type: 3}
      propertyPath: m_RootOrder
      value: 2
      objectReference: {fileID: 0}
    m_RemovedComponents: []
  m_SourcePrefab: {fileID: 100100000, guid: a7e8b317f50bcec4487933d5265f08a3, type: 3}
--- !u!1 &1717451750021053833 stripped
GameObject:
  m_CorrespondingSourceObject: {fileID: 7151608568242126302, guid: a7e8b317f50bcec4487933d5265f08a3,
    type: 3}
  m_PrefabInstance: {fileID: 8424549757297786967}
  m_PrefabAsset: {fileID: 0}
--- !u!61 &848403427368324060 stripped
BoxCollider2D:
  m_CorrespondingSourceObject: {fileID: 9163735842283703179, guid: a7e8b317f50bcec4487933d5265f08a3,
    type: 3}
  m_PrefabInstance: {fileID: 8424549757297786967}
  m_PrefabAsset: {fileID: 0}
--- !u!4 &8355451131711111482 stripped
Transform:
  m_CorrespondingSourceObject: {fileID: 512994568171438445, guid: a7e8b317f50bcec4487933d5265f08a3,
    type: 3}
  m_PrefabInstance: {fileID: 8424549757297786967}
  m_PrefabAsset: {fileID: 0}
--- !u!4 &6677911215857998921 stripped
Transform:
  m_CorrespondingSourceObject: {fileID: 2902208773936815134, guid: a7e8b317f50bcec4487933d5265f08a3,
    type: 3}
  m_PrefabInstance: {fileID: 8424549757297786967}
  m_PrefabAsset: {fileID: 0}
--- !u!4 &203595234160168194 stripped
Transform:
  m_CorrespondingSourceObject: {fileID: 8518932078526647637, guid: a7e8b317f50bcec4487933d5265f08a3,
    type: 3}
  m_PrefabInstance: {fileID: 8424549757297786967}
  m_PrefabAsset: {fileID: 0}
--- !u!102 &4826094692445914879 stripped
TextMesh:
  m_CorrespondingSourceObject: {fileID: 3896661323009066664, guid: a7e8b317f50bcec4487933d5265f08a3,
    type: 3}
  m_PrefabInstance: {fileID: 8424549757297786967}
  m_PrefabAsset: {fileID: 0}
--- !u!4 &2864859715397315401 stripped
Transform:
  m_CorrespondingSourceObject: {fileID: 5992045789613124382, guid: a7e8b317f50bcec4487933d5265f08a3,
    type: 3}
  m_PrefabInstance: {fileID: 8424549757297786967}
  m_PrefabAsset: {fileID: 0}
--- !u!102 &8273052912229886486 stripped
TextMesh:
  m_CorrespondingSourceObject: {fileID: 442982879483374145, guid: a7e8b317f50bcec4487933d5265f08a3,
    type: 3}
  m_PrefabInstance: {fileID: 8424549757297786967}
  m_PrefabAsset: {fileID: 0}
