%YAML 1.1
%TAG !u! tag:unity3d.com,2011:
--- !u!1 &4238902212624455205
GameObject:
  m_ObjectHideFlags: 0
  m_CorrespondingSourceObject: {fileID: 0}
  m_PrefabInstance: {fileID: 0}
  m_PrefabAsset: {fileID: 0}
  serializedVersion: 6
  m_Component:
  - component: {fileID: 8764547190270336769}
  - component: {fileID: 259884924620168606}
  m_Layer: 0
  m_Name: CoinSpawn (1)
  m_TagString: Untagged
  m_Icon: {fileID: 5721338939258241955, guid: 0000000000000000d000000000000000, type: 0}
  m_NavMeshLayer: 0
  m_StaticEditorFlags: 0
  m_IsActive: 1
--- !u!4 &8764547190270336769
Transform:
  m_ObjectHideFlags: 0
  m_CorrespondingSourceObject: {fileID: 0}
  m_PrefabInstance: {fileID: 0}
  m_PrefabAsset: {fileID: 0}
  m_GameObject: {fileID: 4238902212624455205}
  m_LocalRotation: {x: -0, y: -0, z: -0, w: 1}
  m_LocalPosition: {x: 3, y: 2, z: 0}
  m_LocalScale: {x: 1, y: 1, z: 1}
  m_Children: []
  m_Father: {fileID: 3848103952352888077}
  m_RootOrder: 1
  m_LocalEulerAnglesHint: {x: 0, y: 0, z: 0}
--- !u!114 &259884924620168606
MonoBehaviour:
  m_ObjectHideFlags: 0
  m_CorrespondingSourceObject: {fileID: 0}
  m_PrefabInstance: {fileID: 0}
  m_PrefabAsset: {fileID: 0}
  m_GameObject: {fileID: 4238902212624455205}
  m_Enabled: 1
  m_EditorHideFlags: 0
  m_Script: {fileID: 11500000, guid: 72fa6d55be0c82b459aaf379927f7763, type: 3}
  m_Name: 
  m_EditorClassIdentifier: 
--- !u!1001 &1065236162385195347
PrefabInstance:
  m_ObjectHideFlags: 0
  serializedVersion: 2
  m_Modification:
    m_TransformParent: {fileID: 0}
    m_Modifications:
    - target: {fileID: 5283026989369964200, guid: 2da8bd84b59ae214a9a27648cfbd8fd9,
        type: 3}
      propertyPath: m_Name
      value: Portrait_Terrain_Module_6
      objectReference: {fileID: 0}
    - target: {fileID: 6133407557284447420, guid: 2da8bd84b59ae214a9a27648cfbd8fd9,
        type: 3}
      propertyPath: m_LocalPosition.x
      value: 0
      objectReference: {fileID: 0}
    - target: {fileID: 6133407557284447420, guid: 2da8bd84b59ae214a9a27648cfbd8fd9,
        type: 3}
      propertyPath: m_LocalPosition.y
      value: 0
      objectReference: {fileID: 0}
    - target: {fileID: 6133407557284447420, guid: 2da8bd84b59ae214a9a27648cfbd8fd9,
        type: 3}
      propertyPath: m_LocalPosition.z
      value: 0
      objectReference: {fileID: 0}
    - target: {fileID: 6133407557284447420, guid: 2da8bd84b59ae214a9a27648cfbd8fd9,
        type: 3}
      propertyPath: m_LocalRotation.x
      value: 0
      objectReference: {fileID: 0}
    - target: {fileID: 6133407557284447420, guid: 2da8bd84b59ae214a9a27648cfbd8fd9,
        type: 3}
      propertyPath: m_LocalRotation.y
      value: 0
      objectReference: {fileID: 0}
    - target: {fileID: 6133407557284447420, guid: 2da8bd84b59ae214a9a27648cfbd8fd9,
        type: 3}
      propertyPath: m_LocalRotation.z
      value: 0
      objectReference: {fileID: 0}
    - target: {fileID: 6133407557284447420, guid: 2da8bd84b59ae214a9a27648cfbd8fd9,
        type: 3}
      propertyPath: m_LocalRotation.w
      value: 1
      objectReference: {fileID: 0}
    - target: {fileID: 6133407557284447420, guid: 2da8bd84b59ae214a9a27648cfbd8fd9,
        type: 3}
      propertyPath: m_RootOrder
      value: 0
      objectReference: {fileID: 0}
    - target: {fileID: 6133407557284447420, guid: 2da8bd84b59ae214a9a27648cfbd8fd9,
        type: 3}
      propertyPath: m_LocalEulerAnglesHint.x
      value: 0
      objectReference: {fileID: 0}
    - target: {fileID: 6133407557284447420, guid: 2da8bd84b59ae214a9a27648cfbd8fd9,
        type: 3}
      propertyPath: m_LocalEulerAnglesHint.y
      value: 0
      objectReference: {fileID: 0}
    - target: {fileID: 6133407557284447420, guid: 2da8bd84b59ae214a9a27648cfbd8fd9,
        type: 3}
      propertyPath: m_LocalEulerAnglesHint.z
      value: 0
      objectReference: {fileID: 0}
    - target: {fileID: 1988994009404027310, guid: 2da8bd84b59ae214a9a27648cfbd8fd9,
        type: 3}
      propertyPath: coinSpawnPoints.Array.size
      value: 2
      objectReference: {fileID: 0}
    - target: {fileID: 1988994009404027310, guid: 2da8bd84b59ae214a9a27648cfbd8fd9,
        type: 3}
      propertyPath: checkpointsPoints.Array.size
      value: 1
      objectReference: {fileID: 0}
    - target: {fileID: 1988994009404027310, guid: 2da8bd84b59ae214a9a27648cfbd8fd9,
        type: 3}
      propertyPath: coinSpawnPoints.Array.data[1]
      value: 
      objectReference: {fileID: 8764547190270336769}
    - target: {fileID: 1988994009404027310, guid: 2da8bd84b59ae214a9a27648cfbd8fd9,
        type: 3}
      propertyPath: coinSpawnPoints.Array.data[2]
      value: 
      objectReference: {fileID: 0}
    - target: {fileID: 1988994009404027310, guid: 2da8bd84b59ae214a9a27648cfbd8fd9,
        type: 3}
      propertyPath: moduleHeight
      value: 13
      objectReference: {fileID: 0}
    - target: {fileID: 1988994009404027310, guid: 2da8bd84b59ae214a9a27648cfbd8fd9,
        type: 3}
      propertyPath: checkpointsPoints.Array.data[1]
      value: 
      objectReference: {fileID: 975370942326360023}
    - target: {fileID: 1988994009404027310, guid: 2da8bd84b59ae214a9a27648cfbd8fd9,
        type: 3}
      propertyPath: checkpointsPoints.Array.data[2]
      value: 
      objectReference: {fileID: 6740531629332898493}
    - target: {fileID: 1988994009404027310, guid: 2da8bd84b59ae214a9a27648cfbd8fd9,
        type: 3}
      propertyPath: checkpointsPoints.Array.data[3]
      value: 
      objectReference: {fileID: 0}
    - target: {fileID: 1988994009404027310, guid: 2da8bd84b59ae214a9a27648cfbd8fd9,
        type: 3}
      propertyPath: checkpointsPoints.Array.data[4]
      value: 
      objectReference: {fileID: 0}
    - target: {fileID: 1988994009404027310, guid: 2da8bd84b59ae214a9a27648cfbd8fd9,
        type: 3}
      propertyPath: checkpointsPoints.Array.data[5]
      value: 
      objectReference: {fileID: 0}
    - target: {fileID: 1988994009404027310, guid: 2da8bd84b59ae214a9a27648cfbd8fd9,
        type: 3}
      propertyPath: coinSpawnPoints.Array.data[3]
      value: 
      objectReference: {fileID: 0}
    - target: {fileID: 1988994009404027310, guid: 2da8bd84b59ae214a9a27648cfbd8fd9,
        type: 3}
      propertyPath: coinSpawnPoints.Array.data[4]
      value: 
      objectReference: {fileID: 0}
    - target: {fileID: 6965519556297086995, guid: 2da8bd84b59ae214a9a27648cfbd8fd9,
        type: 3}
      propertyPath: entrances.Array.data[0]
      value: 1
      objectReference: {fileID: 0}
    - target: {fileID: 6965519556297086995, guid: 2da8bd84b59ae214a9a27648cfbd8fd9,
        type: 3}
      propertyPath: entrances.Array.data[1]
      value: 1
      objectReference: {fileID: 0}
    - target: {fileID: 6965519556297086995, guid: 2da8bd84b59ae214a9a27648cfbd8fd9,
        type: 3}
      propertyPath: entrances.Array.data[2]
      value: 1
      objectReference: {fileID: 0}
    - target: {fileID: 6965519556297086995, guid: 2da8bd84b59ae214a9a27648cfbd8fd9,
        type: 3}
      propertyPath: exits.Array.data[0]
      value: 0
      objectReference: {fileID: 0}
    - target: {fileID: 6965519556297086995, guid: 2da8bd84b59ae214a9a27648cfbd8fd9,
        type: 3}
      propertyPath: exits.Array.data[1]
      value: 0
      objectReference: {fileID: 0}
    - target: {fileID: 6965519556297086995, guid: 2da8bd84b59ae214a9a27648cfbd8fd9,
        type: 3}
      propertyPath: exits.Array.data[2]
      value: 1
      objectReference: {fileID: 0}
    - target: {fileID: 6965519556297086995, guid: 2da8bd84b59ae214a9a27648cfbd8fd9,
        type: 3}
      propertyPath: gateHeight
      value: 2
      objectReference: {fileID: 0}
    - target: {fileID: 257313602812733186, guid: 2da8bd84b59ae214a9a27648cfbd8fd9,
        type: 3}
      propertyPath: tags.Array.size
      value: 2
      objectReference: {fileID: 0}
    - target: {fileID: 257313602812733186, guid: 2da8bd84b59ae214a9a27648cfbd8fd9,
        type: 3}
      propertyPath: tags.Array.data[1]
      value: 
      objectReference: {fileID: 11400000, guid: 270a29de6a6ebc74fab95b6ece97dba2,
        type: 2}
    - target: {fileID: 6305047697111257453, guid: 2da8bd84b59ae214a9a27648cfbd8fd9,
        type: 3}
      propertyPath: bounds.m_Extent.y
      value: 12.35
      objectReference: {fileID: 0}
    - target: {fileID: 6305047697111257453, guid: 2da8bd84b59ae214a9a27648cfbd8fd9,
        type: 3}
      propertyPath: bounds.m_Center.y
      value: 12.35
      objectReference: {fileID: 0}
    - target: {fileID: 6305047697111257453, guid: 2da8bd84b59ae214a9a27648cfbd8fd9,
        type: 3}
      propertyPath: bounds.m_Extent.x
      value: 7.85
      objectReference: {fileID: 0}
    - target: {fileID: 5410072982745533799, guid: 2da8bd84b59ae214a9a27648cfbd8fd9,
        type: 3}
      propertyPath: m_LocalPosition.y
      value: 0
      objectReference: {fileID: 0}
    - target: {fileID: 4300740338812449886, guid: 2da8bd84b59ae214a9a27648cfbd8fd9,
        type: 3}
      propertyPath: m_RootOrder
      value: 5
      objectReference: {fileID: 0}
    - target: {fileID: 4300740338812449886, guid: 2da8bd84b59ae214a9a27648cfbd8fd9,
        type: 3}
      propertyPath: m_LocalPosition.x
      value: 0
      objectReference: {fileID: 0}
    - target: {fileID: 4300740338812449886, guid: 2da8bd84b59ae214a9a27648cfbd8fd9,
        type: 3}
      propertyPath: m_LocalPosition.y
      value: 5.0822163
      objectReference: {fileID: 0}
    - target: {fileID: 271974000785771651, guid: 2da8bd84b59ae214a9a27648cfbd8fd9,
        type: 3}
      propertyPath: m_LocalPosition.y
      value: 2
      objectReference: {fileID: 0}
    - target: {fileID: 271974000785771651, guid: 2da8bd84b59ae214a9a27648cfbd8fd9,
        type: 3}
      propertyPath: m_LocalPosition.x
      value: -3
      objectReference: {fileID: 0}
    - target: {fileID: 7329673868436653153, guid: 2da8bd84b59ae214a9a27648cfbd8fd9,
        type: 3}
      propertyPath: m_LocalPosition.y
      value: 0
      objectReference: {fileID: 0}
    - target: {fileID: 8140945441881870758, guid: 2da8bd84b59ae214a9a27648cfbd8fd9,
        type: 3}
      propertyPath: m_Size.y
      value: 1.5
      objectReference: {fileID: 0}
    - target: {fileID: 3452351649356049477, guid: 2da8bd84b59ae214a9a27648cfbd8fd9,
        type: 3}
      propertyPath: m_Size.y
      value: 1.5
      objectReference: {fileID: 0}
    - target: {fileID: 7266742054102463878, guid: 2da8bd84b59ae214a9a27648cfbd8fd9,
        type: 3}
      propertyPath: m_Size.y
      value: 1.5
      objectReference: {fileID: 0}
    - target: {fileID: 7748877989398552172, guid: 2da8bd84b59ae214a9a27648cfbd8fd9,
        type: 3}
      propertyPath: m_Size.y
      value: 1.5
      objectReference: {fileID: 0}
    - target: {fileID: 3384148382625919976, guid: 2da8bd84b59ae214a9a27648cfbd8fd9,
        type: 3}
      propertyPath: m_Size.y
      value: 1.5
      objectReference: {fileID: 0}
    - target: {fileID: 8924940155185061171, guid: 2da8bd84b59ae214a9a27648cfbd8fd9,
        type: 3}
      propertyPath: m_Size.y
      value: 1.5
      objectReference: {fileID: 0}
    - target: {fileID: 7961142355010860864, guid: 2da8bd84b59ae214a9a27648cfbd8fd9,
        type: 3}
      propertyPath: m_LocalPosition.y
      value: -8.85
      objectReference: {fileID: 0}
    - target: {fileID: 7684353289270364937, guid: 2da8bd84b59ae214a9a27648cfbd8fd9,
        type: 3}
      propertyPath: m_LocalPosition.y
      value: -8.85
      objectReference: {fileID: 0}
    - target: {fileID: 7933516675562778912, guid: 2da8bd84b59ae214a9a27648cfbd8fd9,
        type: 3}
      propertyPath: m_LocalPosition.y
      value: -8.85
      objectReference: {fileID: 0}
    - target: {fileID: 5600551348066909363, guid: 2da8bd84b59ae214a9a27648cfbd8fd9,
        type: 3}
      propertyPath: m_LocalPosition.y
      value: 2.1499996
      objectReference: {fileID: 0}
    - target: {fileID: 3924545098802868901, guid: 2da8bd84b59ae214a9a27648cfbd8fd9,
        type: 3}
      propertyPath: m_LocalPosition.y
      value: 2.1499996
      objectReference: {fileID: 0}
    - target: {fileID: 8271285240381145496, guid: 2da8bd84b59ae214a9a27648cfbd8fd9,
        type: 3}
      propertyPath: m_LocalPosition.y
      value: 2.1499996
      objectReference: {fileID: 0}
    - target: {fileID: 6086862003929260630, guid: 2da8bd84b59ae214a9a27648cfbd8fd9,
        type: 3}
      propertyPath: m_LocalPosition.y
      value: 0
      objectReference: {fileID: 0}
    - target: {fileID: 2457017947174396094, guid: 2da8bd84b59ae214a9a27648cfbd8fd9,
        type: 3}
      propertyPath: m_LocalPosition.y
      value: 6.5
      objectReference: {fileID: 0}
    - target: {fileID: 2457017947174396094, guid: 2da8bd84b59ae214a9a27648cfbd8fd9,
        type: 3}
      propertyPath: m_LocalPosition.x
      value: -7.28
      objectReference: {fileID: 0}
    - target: {fileID: 1403181435142272207, guid: 2da8bd84b59ae214a9a27648cfbd8fd9,
        type: 3}
      propertyPath: m_LocalPosition.y
      value: 6.5
      objectReference: {fileID: 0}
    - target: {fileID: 1403181435142272207, guid: 2da8bd84b59ae214a9a27648cfbd8fd9,
        type: 3}
      propertyPath: m_LocalPosition.x
      value: 7.28
      objectReference: {fileID: 0}
    - target: {fileID: 2849289453647896894, guid: 2da8bd84b59ae214a9a27648cfbd8fd9,
        type: 3}
      propertyPath: m_Size.y
      value: 13
      objectReference: {fileID: 0}
    - target: {fileID: 1651338319670687055, guid: 2da8bd84b59ae214a9a27648cfbd8fd9,
        type: 3}
      propertyPath: m_Size.y
      value: 13
      objectReference: {fileID: 0}
    - target: {fileID: 4161150712803287452, guid: 2da8bd84b59ae214a9a27648cfbd8fd9,
        type: 3}
      propertyPath: m_SpriteTilingProperty.newSize.y
      value: 13
      objectReference: {fileID: 0}
    - target: {fileID: 6086862003929260650, guid: 2da8bd84b59ae214a9a27648cfbd8fd9,
        type: 3}
      propertyPath: m_Mesh
      value: 
      objectReference: {fileID: 4300000, guid: 242e25c461ad7a945b0d30fe60c10106, type: 2}
    - target: {fileID: 639351015212447213, guid: 2da8bd84b59ae214a9a27648cfbd8fd9,
        type: 3}
      propertyPath: m_SpriteTilingProperty.newSize.y
      value: 13
      objectReference: {fileID: 0}
    m_RemovedComponents: []
  m_SourcePrefab: {fileID: 100100000, guid: 2da8bd84b59ae214a9a27648cfbd8fd9, type: 3}
--- !u!4 &7741759407481943346 stripped
Transform:
  m_CorrespondingSourceObject: {fileID: 7329673868436653153, guid: 2da8bd84b59ae214a9a27648cfbd8fd9,
    type: 3}
  m_PrefabInstance: {fileID: 1065236162385195347}
  m_PrefabAsset: {fileID: 0}
--- !u!4 &3848103952352888077 stripped
Transform:
  m_CorrespondingSourceObject: {fileID: 4300740338812449886, guid: 2da8bd84b59ae214a9a27648cfbd8fd9,
    type: 3}
  m_PrefabInstance: {fileID: 1065236162385195347}
  m_PrefabAsset: {fileID: 0}
--- !u!1001 &2149425878967896525
PrefabInstance:
  m_ObjectHideFlags: 0
  serializedVersion: 2
  m_Modification:
    m_TransformParent: {fileID: 7741759407481943346}
    m_Modifications:
    - target: {fileID: 5596843319308109367, guid: 67e6d73c3b25bff4db8165561129766b,
        type: 3}
      propertyPath: m_Name
      value: Hostile Platform
      objectReference: {fileID: 0}
    - target: {fileID: 1179236969741291034, guid: 67e6d73c3b25bff4db8165561129766b,
        type: 3}
      propertyPath: m_LocalPosition.x
      value: 0
      objectReference: {fileID: 0}
    - target: {fileID: 1179236969741291034, guid: 67e6d73c3b25bff4db8165561129766b,
        type: 3}
      propertyPath: m_LocalPosition.y
      value: 9.932217
      objectReference: {fileID: 0}
    - target: {fileID: 1179236969741291034, guid: 67e6d73c3b25bff4db8165561129766b,
        type: 3}
      propertyPath: m_LocalPosition.z
      value: 0
      objectReference: {fileID: 0}
    - target: {fileID: 1179236969741291034, guid: 67e6d73c3b25bff4db8165561129766b,
        type: 3}
      propertyPath: m_LocalRotation.x
      value: -0
      objectReference: {fileID: 0}
    - target: {fileID: 1179236969741291034, guid: 67e6d73c3b25bff4db8165561129766b,
        type: 3}
      propertyPath: m_LocalRotation.y
      value: -0
      objectReference: {fileID: 0}
    - target: {fileID: 1179236969741291034, guid: 67e6d73c3b25bff4db8165561129766b,
        type: 3}
      propertyPath: m_LocalRotation.z
      value: -0
      objectReference: {fileID: 0}
    - target: {fileID: 1179236969741291034, guid: 67e6d73c3b25bff4db8165561129766b,
        type: 3}
      propertyPath: m_LocalRotation.w
      value: 1
      objectReference: {fileID: 0}
    - target: {fileID: 1179236969741291034, guid: 67e6d73c3b25bff4db8165561129766b,
        type: 3}
      propertyPath: m_RootOrder
      value: 2
      objectReference: {fileID: 0}
    - target: {fileID: 1179236969741291034, guid: 67e6d73c3b25bff4db8165561129766b,
        type: 3}
      propertyPath: m_LocalEulerAnglesHint.x
      value: 0
      objectReference: {fileID: 0}
    - target: {fileID: 1179236969741291034, guid: 67e6d73c3b25bff4db8165561129766b,
        type: 3}
      propertyPath: m_LocalEulerAnglesHint.y
      value: 0
      objectReference: {fileID: 0}
    - target: {fileID: 1179236969741291034, guid: 67e6d73c3b25bff4db8165561129766b,
        type: 3}
      propertyPath: m_LocalEulerAnglesHint.z
      value: 0
      objectReference: {fileID: 0}
    - target: {fileID: 4222977136570604361, guid: 67e6d73c3b25bff4db8165561129766b,
        type: 3}
      propertyPath: m_SpriteTilingProperty.newSize.y
      value: 5
      objectReference: {fileID: 0}
    - target: {fileID: 4222977136570604361, guid: 67e6d73c3b25bff4db8165561129766b,
        type: 3}
      propertyPath: m_SpriteTilingProperty.newSize.x
      value: 1
      objectReference: {fileID: 0}
    - target: {fileID: 1571435907294547866, guid: 67e6d73c3b25bff4db8165561129766b,
        type: 3}
      propertyPath: m_Size.y
      value: 5
      objectReference: {fileID: 0}
    - target: {fileID: 1571435907294547866, guid: 67e6d73c3b25bff4db8165561129766b,
        type: 3}
      propertyPath: m_Size.x
      value: 1
      objectReference: {fileID: 0}
    m_RemovedComponents: []
  m_SourcePrefab: {fileID: 100100000, guid: 67e6d73c3b25bff4db8165561129766b, type: 3}
--- !u!4 &975370942326360023 stripped
Transform:
  m_CorrespondingSourceObject: {fileID: 1179236969741291034, guid: 67e6d73c3b25bff4db8165561129766b,
    type: 3}
  m_PrefabInstance: {fileID: 2149425878967896525}
  m_PrefabAsset: {fileID: 0}
--- !u!1001 &2986523366712850298
PrefabInstance:
  m_ObjectHideFlags: 0
  serializedVersion: 2
  m_Modification:
    m_TransformParent: {fileID: 7741759407481943346}
    m_Modifications:
    - target: {fileID: 2958839111431904746, guid: c79f03984c6e48f4d8cd688024f62f7f,
        type: 3}
      propertyPath: m_Name
      value: Platform
      objectReference: {fileID: 0}
    - target: {fileID: 8428890086254220743, guid: c79f03984c6e48f4d8cd688024f62f7f,
        type: 3}
      propertyPath: m_LocalPosition.x
      value: 0
      objectReference: {fileID: 0}
    - target: {fileID: 8428890086254220743, guid: c79f03984c6e48f4d8cd688024f62f7f,
        type: 3}
      propertyPath: m_LocalPosition.y
      value: 4.9322166
      objectReference: {fileID: 0}
    - target: {fileID: 8428890086254220743, guid: c79f03984c6e48f4d8cd688024f62f7f,
        type: 3}
      propertyPath: m_LocalPosition.z
      value: 0
      objectReference: {fileID: 0}
    - target: {fileID: 8428890086254220743, guid: c79f03984c6e48f4d8cd688024f62f7f,
        type: 3}
      propertyPath: m_LocalRotation.x
      value: -0
      objectReference: {fileID: 0}
    - target: {fileID: 8428890086254220743, guid: c79f03984c6e48f4d8cd688024f62f7f,
        type: 3}
      propertyPath: m_LocalRotation.y
      value: -0
      objectReference: {fileID: 0}
    - target: {fileID: 8428890086254220743, guid: c79f03984c6e48f4d8cd688024f62f7f,
        type: 3}
      propertyPath: m_LocalRotation.z
      value: -0
      objectReference: {fileID: 0}
    - target: {fileID: 8428890086254220743, guid: c79f03984c6e48f4d8cd688024f62f7f,
        type: 3}
      propertyPath: m_LocalRotation.w
      value: 1
      objectReference: {fileID: 0}
    - target: {fileID: 8428890086254220743, guid: c79f03984c6e48f4d8cd688024f62f7f,
        type: 3}
      propertyPath: m_RootOrder
      value: 3
      objectReference: {fileID: 0}
    - target: {fileID: 8428890086254220743, guid: c79f03984c6e48f4d8cd688024f62f7f,
        type: 3}
      propertyPath: m_LocalEulerAnglesHint.x
      value: 0
      objectReference: {fileID: 0}
    - target: {fileID: 8428890086254220743, guid: c79f03984c6e48f4d8cd688024f62f7f,
        type: 3}
      propertyPath: m_LocalEulerAnglesHint.y
      value: 0
      objectReference: {fileID: 0}
    - target: {fileID: 8428890086254220743, guid: c79f03984c6e48f4d8cd688024f62f7f,
        type: 3}
      propertyPath: m_LocalEulerAnglesHint.z
      value: 0
      objectReference: {fileID: 0}
    - target: {fileID: 8172572654677218375, guid: c79f03984c6e48f4d8cd688024f62f7f,
        type: 3}
      propertyPath: m_Size.x
      value: 1
      objectReference: {fileID: 0}
    - target: {fileID: 8172572654677218375, guid: c79f03984c6e48f4d8cd688024f62f7f,
        type: 3}
      propertyPath: m_Size.y
      value: 5
      objectReference: {fileID: 0}
    - target: {fileID: 6791169244725608596, guid: c79f03984c6e48f4d8cd688024f62f7f,
        type: 3}
      propertyPath: m_SpriteTilingProperty.newSize.x
      value: 1
      objectReference: {fileID: 0}
    - target: {fileID: 6791169244725608596, guid: c79f03984c6e48f4d8cd688024f62f7f,
        type: 3}
      propertyPath: m_SpriteTilingProperty.newSize.y
      value: 5
      objectReference: {fileID: 0}
    m_RemovedComponents: []
  m_SourcePrefab: {fileID: 100100000, guid: c79f03984c6e48f4d8cd688024f62f7f, type: 3}
--- !u!4 &6740531629332898493 stripped
Transform:
  m_CorrespondingSourceObject: {fileID: 8428890086254220743, guid: c79f03984c6e48f4d8cd688024f62f7f,
    type: 3}
  m_PrefabInstance: {fileID: 2986523366712850298}
  m_PrefabAsset: {fileID: 0}
--- !u!1001 &8405841250574572047
PrefabInstance:
  m_ObjectHideFlags: 0
  serializedVersion: 2
  m_Modification:
    m_TransformParent: {fileID: 7741759407481943346}
    m_Modifications:
    - target: {fileID: 5596843319308109367, guid: 67e6d73c3b25bff4db8165561129766b,
        type: 3}
      propertyPath: m_Name
      value: Hostile Platform (2)
      objectReference: {fileID: 0}
    - target: {fileID: 1179236969741291034, guid: 67e6d73c3b25bff4db8165561129766b,
        type: 3}
      propertyPath: m_LocalPosition.x
      value: -6
      objectReference: {fileID: 0}
    - target: {fileID: 1179236969741291034, guid: 67e6d73c3b25bff4db8165561129766b,
        type: 3}
      propertyPath: m_LocalPosition.y
      value: 7.3702164
      objectReference: {fileID: 0}
    - target: {fileID: 1179236969741291034, guid: 67e6d73c3b25bff4db8165561129766b,
        type: 3}
      propertyPath: m_LocalPosition.z
      value: 0
      objectReference: {fileID: 0}
    - target: {fileID: 1179236969741291034, guid: 67e6d73c3b25bff4db8165561129766b,
        type: 3}
      propertyPath: m_LocalRotation.x
      value: -0
      objectReference: {fileID: 0}
    - target: {fileID: 1179236969741291034, guid: 67e6d73c3b25bff4db8165561129766b,
        type: 3}
      propertyPath: m_LocalRotation.y
      value: -0
      objectReference: {fileID: 0}
    - target: {fileID: 1179236969741291034, guid: 67e6d73c3b25bff4db8165561129766b,
        type: 3}
      propertyPath: m_LocalRotation.z
      value: -0
      objectReference: {fileID: 0}
    - target: {fileID: 1179236969741291034, guid: 67e6d73c3b25bff4db8165561129766b,
        type: 3}
      propertyPath: m_LocalRotation.w
      value: 1
      objectReference: {fileID: 0}
    - target: {fileID: 1179236969741291034, guid: 67e6d73c3b25bff4db8165561129766b,
        type: 3}
      propertyPath: m_RootOrder
      value: 4
      objectReference: {fileID: 0}
    - target: {fileID: 1179236969741291034, guid: 67e6d73c3b25bff4db8165561129766b,
        type: 3}
      propertyPath: m_LocalEulerAnglesHint.x
      value: 0
      objectReference: {fileID: 0}
    - target: {fileID: 1179236969741291034, guid: 67e6d73c3b25bff4db8165561129766b,
        type: 3}
      propertyPath: m_LocalEulerAnglesHint.y
      value: 0
      objectReference: {fileID: 0}
    - target: {fileID: 1179236969741291034, guid: 67e6d73c3b25bff4db8165561129766b,
        type: 3}
      propertyPath: m_LocalEulerAnglesHint.z
      value: 0
      objectReference: {fileID: 0}
    - target: {fileID: 4222977136570604361, guid: 67e6d73c3b25bff4db8165561129766b,
        type: 3}
      propertyPath: m_SpriteTilingProperty.newSize.y
      value: 9.876535
      objectReference: {fileID: 0}
    - target: {fileID: 4222977136570604361, guid: 67e6d73c3b25bff4db8165561129766b,
        type: 3}
      propertyPath: m_SpriteTilingProperty.newSize.x
      value: 1
      objectReference: {fileID: 0}
    - target: {fileID: 1571435907294547866, guid: 67e6d73c3b25bff4db8165561129766b,
        type: 3}
      propertyPath: m_Size.y
      value: 9.876535
      objectReference: {fileID: 0}
    - target: {fileID: 1571435907294547866, guid: 67e6d73c3b25bff4db8165561129766b,
        type: 3}
      propertyPath: m_Size.x
      value: 1
      objectReference: {fileID: 0}
    m_RemovedComponents: []
  m_SourcePrefab: {fileID: 100100000, guid: 67e6d73c3b25bff4db8165561129766b, type: 3}
