%YAML 1.1
%TAG !u! tag:unity3d.com,2011:
--- !u!1001 &162805242121707441
PrefabInstance:
  m_ObjectHideFlags: 0
  serializedVersion: 2
  m_Modification:
    m_TransformParent: {fileID: 489141997182490973}
    m_Modifications:
    - target: {fileID: 8428890086254220743, guid: c79f03984c6e48f4d8cd688024f62f7f,
        type: 3}
      propertyPath: m_LocalPosition.x
      value: -7
      objectReference: {fileID: 0}
    - target: {fileID: 8428890086254220743, guid: c79f03984c6e48f4d8cd688024f62f7f,
        type: 3}
      propertyPath: m_LocalPosition.y
      value: 7.61
      objectReference: {fileID: 0}
    - target: {fileID: 8428890086254220743, guid: c79f03984c6e48f4d8cd688024f62f7f,
        type: 3}
      propertyPath: m_LocalPosition.z
      value: 0
      objectReference: {fileID: 0}
    - target: {fileID: 8428890086254220743, guid: c79f03984c6e48f4d8cd688024f62f7f,
        type: 3}
      propertyPath: m_LocalRotation.x
      value: -0
      objectReference: {fileID: 0}
    - target: {fileID: 8428890086254220743, guid: c79f03984c6e48f4d8cd688024f62f7f,
        type: 3}
      propertyPath: m_LocalRotation.y
      value: -0
      objectReference: {fileID: 0}
    - target: {fileID: 8428890086254220743, guid: c79f03984c6e48f4d8cd688024f62f7f,
        type: 3}
      propertyPath: m_LocalRotation.z
      value: -0
      objectReference: {fileID: 0}
    - target: {fileID: 8428890086254220743, guid: c79f03984c6e48f4d8cd688024f62f7f,
        type: 3}
      propertyPath: m_LocalRotation.w
      value: 1
      objectReference: {fileID: 0}
    - target: {fileID: 8428890086254220743, guid: c79f03984c6e48f4d8cd688024f62f7f,
        type: 3}
      propertyPath: m_RootOrder
      value: 0
      objectReference: {fileID: 0}
    - target: {fileID: 8428890086254220743, guid: c79f03984c6e48f4d8cd688024f62f7f,
        type: 3}
      propertyPath: m_LocalEulerAnglesHint.x
      value: 0
      objectReference: {fileID: 0}
    - target: {fileID: 8428890086254220743, guid: c79f03984c6e48f4d8cd688024f62f7f,
        type: 3}
      propertyPath: m_LocalEulerAnglesHint.y
      value: 0
      objectReference: {fileID: 0}
    - target: {fileID: 8428890086254220743, guid: c79f03984c6e48f4d8cd688024f62f7f,
        type: 3}
      propertyPath: m_LocalEulerAnglesHint.z
      value: 0
      objectReference: {fileID: 0}
    - target: {fileID: 2958839111431904746, guid: c79f03984c6e48f4d8cd688024f62f7f,
        type: 3}
      propertyPath: m_Name
      value: LeftWall
      objectReference: {fileID: 0}
    - target: {fileID: 6791169244725608596, guid: c79f03984c6e48f4d8cd688024f62f7f,
        type: 3}
      propertyPath: m_SpriteTilingProperty.newSize.x
      value: 2
      objectReference: {fileID: 0}
    - target: {fileID: 6791169244725608596, guid: c79f03984c6e48f4d8cd688024f62f7f,
        type: 3}
      propertyPath: m_SpriteTilingProperty.newSize.y
      value: 27
      objectReference: {fileID: 0}
    - target: {fileID: 6791169244725608596, guid: c79f03984c6e48f4d8cd688024f62f7f,
        type: 3}
      propertyPath: m_Size.x
      value: 1.7
      objectReference: {fileID: 0}
    - target: {fileID: 6791169244725608596, guid: c79f03984c6e48f4d8cd688024f62f7f,
        type: 3}
      propertyPath: m_Size.y
      value: 26.7
      objectReference: {fileID: 0}
    - target: {fileID: 8172572654677218375, guid: c79f03984c6e48f4d8cd688024f62f7f,
        type: 3}
      propertyPath: m_Size.x
      value: 2
      objectReference: {fileID: 0}
    - target: {fileID: 8172572654677218375, guid: c79f03984c6e48f4d8cd688024f62f7f,
        type: 3}
      propertyPath: m_Size.y
      value: 27
      objectReference: {fileID: 0}
    m_RemovedComponents: []
  m_SourcePrefab: {fileID: 100100000, guid: c79f03984c6e48f4d8cd688024f62f7f, type: 3}
--- !u!1001 &204495738430745261
PrefabInstance:
  m_ObjectHideFlags: 0
  serializedVersion: 2
  m_Modification:
    m_TransformParent: {fileID: 489141997182490973}
    m_Modifications:
    - target: {fileID: 8428890086254220743, guid: c79f03984c6e48f4d8cd688024f62f7f,
        type: 3}
      propertyPath: m_LocalPosition.x
      value: 0
      objectReference: {fileID: 0}
    - target: {fileID: 8428890086254220743, guid: c79f03984c6e48f4d8cd688024f62f7f,
        type: 3}
      propertyPath: m_LocalPosition.y
      value: 49
      objectReference: {fileID: 0}
    - target: {fileID: 8428890086254220743, guid: c79f03984c6e48f4d8cd688024f62f7f,
        type: 3}
      propertyPath: m_LocalPosition.z
      value: 0
      objectReference: {fileID: 0}
    - target: {fileID: 8428890086254220743, guid: c79f03984c6e48f4d8cd688024f62f7f,
        type: 3}
      propertyPath: m_LocalRotation.x
      value: -0
      objectReference: {fileID: 0}
    - target: {fileID: 8428890086254220743, guid: c79f03984c6e48f4d8cd688024f62f7f,
        type: 3}
      propertyPath: m_LocalRotation.y
      value: -0
      objectReference: {fileID: 0}
    - target: {fileID: 8428890086254220743, guid: c79f03984c6e48f4d8cd688024f62f7f,
        type: 3}
      propertyPath: m_LocalRotation.z
      value: -0
      objectReference: {fileID: 0}
    - target: {fileID: 8428890086254220743, guid: c79f03984c6e48f4d8cd688024f62f7f,
        type: 3}
      propertyPath: m_LocalRotation.w
      value: 1
      objectReference: {fileID: 0}
    - target: {fileID: 8428890086254220743, guid: c79f03984c6e48f4d8cd688024f62f7f,
        type: 3}
      propertyPath: m_RootOrder
      value: 4
      objectReference: {fileID: 0}
    - target: {fileID: 8428890086254220743, guid: c79f03984c6e48f4d8cd688024f62f7f,
        type: 3}
      propertyPath: m_LocalEulerAnglesHint.x
      value: 0
      objectReference: {fileID: 0}
    - target: {fileID: 8428890086254220743, guid: c79f03984c6e48f4d8cd688024f62f7f,
        type: 3}
      propertyPath: m_LocalEulerAnglesHint.y
      value: 0
      objectReference: {fileID: 0}
    - target: {fileID: 8428890086254220743, guid: c79f03984c6e48f4d8cd688024f62f7f,
        type: 3}
      propertyPath: m_LocalEulerAnglesHint.z
      value: 0
      objectReference: {fileID: 0}
    - target: {fileID: 2958839111431904746, guid: c79f03984c6e48f4d8cd688024f62f7f,
        type: 3}
      propertyPath: m_Name
      value: Platform (5)
      objectReference: {fileID: 0}
    - target: {fileID: 6791169244725608596, guid: c79f03984c6e48f4d8cd688024f62f7f,
        type: 3}
      propertyPath: m_SpriteTilingProperty.newSize.x
      value: 18
      objectReference: {fileID: 0}
    - target: {fileID: 6791169244725608596, guid: c79f03984c6e48f4d8cd688024f62f7f,
        type: 3}
      propertyPath: m_SpriteTilingProperty.newSize.y
      value: 2
      objectReference: {fileID: 0}
    - target: {fileID: 8172572654677218375, guid: c79f03984c6e48f4d8cd688024f62f7f,
        type: 3}
      propertyPath: m_Size.x
      value: 18
      objectReference: {fileID: 0}
    - target: {fileID: 8172572654677218375, guid: c79f03984c6e48f4d8cd688024f62f7f,
        type: 3}
      propertyPath: m_Size.y
      value: 2
      objectReference: {fileID: 0}
    m_RemovedComponents: []
  m_SourcePrefab: {fileID: 100100000, guid: c79f03984c6e48f4d8cd688024f62f7f, type: 3}
--- !u!1001 &511865359312418624
PrefabInstance:
  m_ObjectHideFlags: 0
  serializedVersion: 2
  m_Modification:
    m_TransformParent: {fileID: 489141997182490973}
    m_Modifications:
    - target: {fileID: 5596843319308109367, guid: 67e6d73c3b25bff4db8165561129766b,
        type: 3}
      propertyPath: m_Name
      value: Hostile Platform (2)
      objectReference: {fileID: 0}
    - target: {fileID: 1179236969741291034, guid: 67e6d73c3b25bff4db8165561129766b,
        type: 3}
      propertyPath: m_LocalPosition.x
      value: 5
      objectReference: {fileID: 0}
    - target: {fileID: 1179236969741291034, guid: 67e6d73c3b25bff4db8165561129766b,
        type: 3}
      propertyPath: m_LocalPosition.y
      value: 21
      objectReference: {fileID: 0}
    - target: {fileID: 1179236969741291034, guid: 67e6d73c3b25bff4db8165561129766b,
        type: 3}
      propertyPath: m_LocalPosition.z
      value: 0
      objectReference: {fileID: 0}
    - target: {fileID: 1179236969741291034, guid: 67e6d73c3b25bff4db8165561129766b,
        type: 3}
      propertyPath: m_LocalRotation.x
      value: 0
      objectReference: {fileID: 0}
    - target: {fileID: 1179236969741291034, guid: 67e6d73c3b25bff4db8165561129766b,
        type: 3}
      propertyPath: m_LocalRotation.y
      value: 0
      objectReference: {fileID: 0}
    - target: {fileID: 1179236969741291034, guid: 67e6d73c3b25bff4db8165561129766b,
        type: 3}
      propertyPath: m_LocalRotation.z
      value: 0
      objectReference: {fileID: 0}
    - target: {fileID: 1179236969741291034, guid: 67e6d73c3b25bff4db8165561129766b,
        type: 3}
      propertyPath: m_LocalRotation.w
      value: 1
      objectReference: {fileID: 0}
    - target: {fileID: 1179236969741291034, guid: 67e6d73c3b25bff4db8165561129766b,
        type: 3}
      propertyPath: m_RootOrder
      value: 9
      objectReference: {fileID: 0}
    - target: {fileID: 1179236969741291034, guid: 67e6d73c3b25bff4db8165561129766b,
        type: 3}
      propertyPath: m_LocalEulerAnglesHint.x
      value: 0
      objectReference: {fileID: 0}
    - target: {fileID: 1179236969741291034, guid: 67e6d73c3b25bff4db8165561129766b,
        type: 3}
      propertyPath: m_LocalEulerAnglesHint.y
      value: 0
      objectReference: {fileID: 0}
    - target: {fileID: 1179236969741291034, guid: 67e6d73c3b25bff4db8165561129766b,
        type: 3}
      propertyPath: m_LocalEulerAnglesHint.z
      value: 0
      objectReference: {fileID: 0}
    - target: {fileID: 4222977136570604361, guid: 67e6d73c3b25bff4db8165561129766b,
        type: 3}
      propertyPath: m_SpriteTilingProperty.newSize.x
      value: 2
      objectReference: {fileID: 0}
    - target: {fileID: 4222977136570604361, guid: 67e6d73c3b25bff4db8165561129766b,
        type: 3}
      propertyPath: m_SpriteTilingProperty.newSize.y
      value: 8
      objectReference: {fileID: 0}
    - target: {fileID: 1571435907294547866, guid: 67e6d73c3b25bff4db8165561129766b,
        type: 3}
      propertyPath: m_Size.x
      value: 2
      objectReference: {fileID: 0}
    - target: {fileID: 1571435907294547866, guid: 67e6d73c3b25bff4db8165561129766b,
        type: 3}
      propertyPath: m_Size.y
      value: 8
      objectReference: {fileID: 0}
    m_RemovedComponents: []
  m_SourcePrefab: {fileID: 100100000, guid: 67e6d73c3b25bff4db8165561129766b, type: 3}
--- !u!1001 &902320204223438185
PrefabInstance:
  m_ObjectHideFlags: 0
  serializedVersion: 2
  m_Modification:
    m_TransformParent: {fileID: 489141997182490973}
    m_Modifications:
    - target: {fileID: 8428890086254220743, guid: c79f03984c6e48f4d8cd688024f62f7f,
        type: 3}
      propertyPath: m_LocalPosition.x
      value: 7
      objectReference: {fileID: 0}
    - target: {fileID: 8428890086254220743, guid: c79f03984c6e48f4d8cd688024f62f7f,
        type: 3}
      propertyPath: m_LocalPosition.y
      value: 34.61
      objectReference: {fileID: 0}
    - target: {fileID: 8428890086254220743, guid: c79f03984c6e48f4d8cd688024f62f7f,
        type: 3}
      propertyPath: m_LocalPosition.z
      value: 0
      objectReference: {fileID: 0}
    - target: {fileID: 8428890086254220743, guid: c79f03984c6e48f4d8cd688024f62f7f,
        type: 3}
      propertyPath: m_LocalRotation.x
      value: -0
      objectReference: {fileID: 0}
    - target: {fileID: 8428890086254220743, guid: c79f03984c6e48f4d8cd688024f62f7f,
        type: 3}
      propertyPath: m_LocalRotation.y
      value: -0
      objectReference: {fileID: 0}
    - target: {fileID: 8428890086254220743, guid: c79f03984c6e48f4d8cd688024f62f7f,
        type: 3}
      propertyPath: m_LocalRotation.z
      value: -0
      objectReference: {fileID: 0}
    - target: {fileID: 8428890086254220743, guid: c79f03984c6e48f4d8cd688024f62f7f,
        type: 3}
      propertyPath: m_LocalRotation.w
      value: 1
      objectReference: {fileID: 0}
    - target: {fileID: 8428890086254220743, guid: c79f03984c6e48f4d8cd688024f62f7f,
        type: 3}
      propertyPath: m_RootOrder
      value: 6
      objectReference: {fileID: 0}
    - target: {fileID: 8428890086254220743, guid: c79f03984c6e48f4d8cd688024f62f7f,
        type: 3}
      propertyPath: m_LocalEulerAnglesHint.x
      value: 0
      objectReference: {fileID: 0}
    - target: {fileID: 8428890086254220743, guid: c79f03984c6e48f4d8cd688024f62f7f,
        type: 3}
      propertyPath: m_LocalEulerAnglesHint.y
      value: 0
      objectReference: {fileID: 0}
    - target: {fileID: 8428890086254220743, guid: c79f03984c6e48f4d8cd688024f62f7f,
        type: 3}
      propertyPath: m_LocalEulerAnglesHint.z
      value: 0
      objectReference: {fileID: 0}
    - target: {fileID: 2958839111431904746, guid: c79f03984c6e48f4d8cd688024f62f7f,
        type: 3}
      propertyPath: m_Name
      value: RightWall (1)
      objectReference: {fileID: 0}
    - target: {fileID: 6791169244725608596, guid: c79f03984c6e48f4d8cd688024f62f7f,
        type: 3}
      propertyPath: m_SpriteTilingProperty.newSize.x
      value: 2
      objectReference: {fileID: 0}
    - target: {fileID: 6791169244725608596, guid: c79f03984c6e48f4d8cd688024f62f7f,
        type: 3}
      propertyPath: m_SpriteTilingProperty.newSize.y
      value: 27
      objectReference: {fileID: 0}
    - target: {fileID: 8172572654677218375, guid: c79f03984c6e48f4d8cd688024f62f7f,
        type: 3}
      propertyPath: m_Size.x
      value: 2
      objectReference: {fileID: 0}
    - target: {fileID: 8172572654677218375, guid: c79f03984c6e48f4d8cd688024f62f7f,
        type: 3}
      propertyPath: m_Size.y
      value: 27
      objectReference: {fileID: 0}
    m_RemovedComponents: []
  m_SourcePrefab: {fileID: 100100000, guid: c79f03984c6e48f4d8cd688024f62f7f, type: 3}
--- !u!1001 &1335307110200974027
PrefabInstance:
  m_ObjectHideFlags: 0
  serializedVersion: 2
  m_Modification:
    m_TransformParent: {fileID: 489141997182490973}
    m_Modifications:
    - target: {fileID: 5596843319308109367, guid: 67e6d73c3b25bff4db8165561129766b,
        type: 3}
      propertyPath: m_Name
      value: Hostile Platform (5)
      objectReference: {fileID: 0}
    - target: {fileID: 1179236969741291034, guid: 67e6d73c3b25bff4db8165561129766b,
        type: 3}
      propertyPath: m_LocalPosition.x
      value: 5
      objectReference: {fileID: 0}
    - target: {fileID: 1179236969741291034, guid: 67e6d73c3b25bff4db8165561129766b,
        type: 3}
      propertyPath: m_LocalPosition.y
      value: 43
      objectReference: {fileID: 0}
    - target: {fileID: 1179236969741291034, guid: 67e6d73c3b25bff4db8165561129766b,
        type: 3}
      propertyPath: m_LocalPosition.z
      value: 0
      objectReference: {fileID: 0}
    - target: {fileID: 1179236969741291034, guid: 67e6d73c3b25bff4db8165561129766b,
        type: 3}
      propertyPath: m_LocalRotation.x
      value: 0
      objectReference: {fileID: 0}
    - target: {fileID: 1179236969741291034, guid: 67e6d73c3b25bff4db8165561129766b,
        type: 3}
      propertyPath: m_LocalRotation.y
      value: 0
      objectReference: {fileID: 0}
    - target: {fileID: 1179236969741291034, guid: 67e6d73c3b25bff4db8165561129766b,
        type: 3}
      propertyPath: m_LocalRotation.z
      value: 0
      objectReference: {fileID: 0}
    - target: {fileID: 1179236969741291034, guid: 67e6d73c3b25bff4db8165561129766b,
        type: 3}
      propertyPath: m_LocalRotation.w
      value: 1
      objectReference: {fileID: 0}
    - target: {fileID: 1179236969741291034, guid: 67e6d73c3b25bff4db8165561129766b,
        type: 3}
      propertyPath: m_RootOrder
      value: 12
      objectReference: {fileID: 0}
    - target: {fileID: 1179236969741291034, guid: 67e6d73c3b25bff4db8165561129766b,
        type: 3}
      propertyPath: m_LocalEulerAnglesHint.x
      value: 0
      objectReference: {fileID: 0}
    - target: {fileID: 1179236969741291034, guid: 67e6d73c3b25bff4db8165561129766b,
        type: 3}
      propertyPath: m_LocalEulerAnglesHint.y
      value: 0
      objectReference: {fileID: 0}
    - target: {fileID: 1179236969741291034, guid: 67e6d73c3b25bff4db8165561129766b,
        type: 3}
      propertyPath: m_LocalEulerAnglesHint.z
      value: 0
      objectReference: {fileID: 0}
    - target: {fileID: 4222977136570604361, guid: 67e6d73c3b25bff4db8165561129766b,
        type: 3}
      propertyPath: m_SpriteTilingProperty.newSize.x
      value: 2
      objectReference: {fileID: 0}
    - target: {fileID: 4222977136570604361, guid: 67e6d73c3b25bff4db8165561129766b,
        type: 3}
      propertyPath: m_SpriteTilingProperty.newSize.y
      value: 2
      objectReference: {fileID: 0}
    - target: {fileID: 1571435907294547866, guid: 67e6d73c3b25bff4db8165561129766b,
        type: 3}
      propertyPath: m_Size.x
      value: 2
      objectReference: {fileID: 0}
    - target: {fileID: 1571435907294547866, guid: 67e6d73c3b25bff4db8165561129766b,
        type: 3}
      propertyPath: m_Size.y
      value: 2
      objectReference: {fileID: 0}
    m_RemovedComponents: []
  m_SourcePrefab: {fileID: 100100000, guid: 67e6d73c3b25bff4db8165561129766b, type: 3}
--- !u!1001 &1804102943646893534
PrefabInstance:
  m_ObjectHideFlags: 0
  serializedVersion: 2
  m_Modification:
    m_TransformParent: {fileID: 489141997182490973}
    m_Modifications:
    - target: {fileID: 8072444317254863660, guid: 3c6626b34d9d203428da900e90dbbfb7,
        type: 3}
      propertyPath: m_Name
      value: OneWayPlatform
      objectReference: {fileID: 0}
    - target: {fileID: 8072444317254863660, guid: 3c6626b34d9d203428da900e90dbbfb7,
        type: 3}
      propertyPath: m_IsActive
      value: 0
      objectReference: {fileID: 0}
    - target: {fileID: 520140857393485394, guid: 3c6626b34d9d203428da900e90dbbfb7,
        type: 3}
      propertyPath: m_SpriteTilingProperty.newSize.x
      value: 15.686535
      objectReference: {fileID: 0}
    - target: {fileID: 520140857393485394, guid: 3c6626b34d9d203428da900e90dbbfb7,
        type: 3}
      propertyPath: m_SpriteTilingProperty.newSize.y
      value: 0.48375064
      objectReference: {fileID: 0}
    - target: {fileID: 520140857393485394, guid: 3c6626b34d9d203428da900e90dbbfb7,
        type: 3}
      propertyPath: m_Size.x
      value: 15.386535
      objectReference: {fileID: 0}
    - target: {fileID: 520140857393485394, guid: 3c6626b34d9d203428da900e90dbbfb7,
        type: 3}
      propertyPath: m_Size.y
      value: 0.18375063
      objectReference: {fileID: 0}
    - target: {fileID: 2909944038724321921, guid: 3c6626b34d9d203428da900e90dbbfb7,
        type: 3}
      propertyPath: m_Size.x
      value: 15.686535
      objectReference: {fileID: 0}
    - target: {fileID: 2909944038724321921, guid: 3c6626b34d9d203428da900e90dbbfb7,
        type: 3}
      propertyPath: m_Size.y
      value: 0.48375064
      objectReference: {fileID: 0}
    - target: {fileID: 3310589692164440833, guid: 3c6626b34d9d203428da900e90dbbfb7,
        type: 3}
      propertyPath: m_LocalPosition.x
      value: 0
      objectReference: {fileID: 0}
    - target: {fileID: 3310589692164440833, guid: 3c6626b34d9d203428da900e90dbbfb7,
        type: 3}
      propertyPath: m_LocalPosition.y
      value: 8.63
      objectReference: {fileID: 0}
    - target: {fileID: 3310589692164440833, guid: 3c6626b34d9d203428da900e90dbbfb7,
        type: 3}
      propertyPath: m_LocalPosition.z
      value: 0
      objectReference: {fileID: 0}
    - target: {fileID: 3310589692164440833, guid: 3c6626b34d9d203428da900e90dbbfb7,
        type: 3}
      propertyPath: m_LocalRotation.x
      value: -0
      objectReference: {fileID: 0}
    - target: {fileID: 3310589692164440833, guid: 3c6626b34d9d203428da900e90dbbfb7,
        type: 3}
      propertyPath: m_LocalRotation.y
      value: -0
      objectReference: {fileID: 0}
    - target: {fileID: 3310589692164440833, guid: 3c6626b34d9d203428da900e90dbbfb7,
        type: 3}
      propertyPath: m_LocalRotation.z
      value: -0
      objectReference: {fileID: 0}
    - target: {fileID: 3310589692164440833, guid: 3c6626b34d9d203428da900e90dbbfb7,
        type: 3}
      propertyPath: m_LocalRotation.w
      value: 1
      objectReference: {fileID: 0}
    - target: {fileID: 3310589692164440833, guid: 3c6626b34d9d203428da900e90dbbfb7,
        type: 3}
      propertyPath: m_RootOrder
      value: 2
      objectReference: {fileID: 0}
    - target: {fileID: 3310589692164440833, guid: 3c6626b34d9d203428da900e90dbbfb7,
        type: 3}
      propertyPath: m_LocalEulerAnglesHint.x
      value: 0
      objectReference: {fileID: 0}
    - target: {fileID: 3310589692164440833, guid: 3c6626b34d9d203428da900e90dbbfb7,
        type: 3}
      propertyPath: m_LocalEulerAnglesHint.y
      value: 0
      objectReference: {fileID: 0}
    - target: {fileID: 3310589692164440833, guid: 3c6626b34d9d203428da900e90dbbfb7,
        type: 3}
      propertyPath: m_LocalEulerAnglesHint.z
      value: 0
      objectReference: {fileID: 0}
    m_RemovedComponents: []
  m_SourcePrefab: {fileID: 100100000, guid: 3c6626b34d9d203428da900e90dbbfb7, type: 3}
--- !u!1001 &1972983825546659753
PrefabInstance:
  m_ObjectHideFlags: 0
  serializedVersion: 2
  m_Modification:
    m_TransformParent: {fileID: 489141997182490973}
    m_Modifications:
    - target: {fileID: 5596843319308109367, guid: 67e6d73c3b25bff4db8165561129766b,
        type: 3}
      propertyPath: m_Name
      value: Hostile Platform (3)
      objectReference: {fileID: 0}
    - target: {fileID: 1179236969741291034, guid: 67e6d73c3b25bff4db8165561129766b,
        type: 3}
      propertyPath: m_LocalPosition.x
      value: 0
      objectReference: {fileID: 0}
    - target: {fileID: 1179236969741291034, guid: 67e6d73c3b25bff4db8165561129766b,
        type: 3}
      propertyPath: m_LocalPosition.y
      value: 34
      objectReference: {fileID: 0}
    - target: {fileID: 1179236969741291034, guid: 67e6d73c3b25bff4db8165561129766b,
        type: 3}
      propertyPath: m_LocalPosition.z
      value: 0
      objectReference: {fileID: 0}
    - target: {fileID: 1179236969741291034, guid: 67e6d73c3b25bff4db8165561129766b,
        type: 3}
      propertyPath: m_LocalRotation.x
      value: 0
      objectReference: {fileID: 0}
    - target: {fileID: 1179236969741291034, guid: 67e6d73c3b25bff4db8165561129766b,
        type: 3}
      propertyPath: m_LocalRotation.y
      value: 0
      objectReference: {fileID: 0}
    - target: {fileID: 1179236969741291034, guid: 67e6d73c3b25bff4db8165561129766b,
        type: 3}
      propertyPath: m_LocalRotation.z
      value: 0
      objectReference: {fileID: 0}
    - target: {fileID: 1179236969741291034, guid: 67e6d73c3b25bff4db8165561129766b,
        type: 3}
      propertyPath: m_LocalRotation.w
      value: 1
      objectReference: {fileID: 0}
    - target: {fileID: 1179236969741291034, guid: 67e6d73c3b25bff4db8165561129766b,
        type: 3}
      propertyPath: m_RootOrder
      value: 10
      objectReference: {fileID: 0}
    - target: {fileID: 1179236969741291034, guid: 67e6d73c3b25bff4db8165561129766b,
        type: 3}
      propertyPath: m_LocalEulerAnglesHint.x
      value: 0
      objectReference: {fileID: 0}
    - target: {fileID: 1179236969741291034, guid: 67e6d73c3b25bff4db8165561129766b,
        type: 3}
      propertyPath: m_LocalEulerAnglesHint.y
      value: 0
      objectReference: {fileID: 0}
    - target: {fileID: 1179236969741291034, guid: 67e6d73c3b25bff4db8165561129766b,
        type: 3}
      propertyPath: m_LocalEulerAnglesHint.z
      value: 0
      objectReference: {fileID: 0}
    - target: {fileID: 4222977136570604361, guid: 67e6d73c3b25bff4db8165561129766b,
        type: 3}
      propertyPath: m_SpriteTilingProperty.newSize.x
      value: 2
      objectReference: {fileID: 0}
    - target: {fileID: 4222977136570604361, guid: 67e6d73c3b25bff4db8165561129766b,
        type: 3}
      propertyPath: m_SpriteTilingProperty.newSize.y
      value: 2
      objectReference: {fileID: 0}
    - target: {fileID: 1571435907294547866, guid: 67e6d73c3b25bff4db8165561129766b,
        type: 3}
      propertyPath: m_Size.x
      value: 2
      objectReference: {fileID: 0}
    - target: {fileID: 1571435907294547866, guid: 67e6d73c3b25bff4db8165561129766b,
        type: 3}
      propertyPath: m_Size.y
      value: 2
      objectReference: {fileID: 0}
    m_RemovedComponents: []
  m_SourcePrefab: {fileID: 100100000, guid: 67e6d73c3b25bff4db8165561129766b, type: 3}
--- !u!1001 &2009245282146288048
PrefabInstance:
  m_ObjectHideFlags: 0
  serializedVersion: 2
  m_Modification:
    m_TransformParent: {fileID: 489141997182490973}
    m_Modifications:
    - target: {fileID: 8428890086254220743, guid: c79f03984c6e48f4d8cd688024f62f7f,
        type: 3}
      propertyPath: m_LocalPosition.x
      value: -7
      objectReference: {fileID: 0}
    - target: {fileID: 8428890086254220743, guid: c79f03984c6e48f4d8cd688024f62f7f,
        type: 3}
      propertyPath: m_LocalPosition.y
      value: 34.61
      objectReference: {fileID: 0}
    - target: {fileID: 8428890086254220743, guid: c79f03984c6e48f4d8cd688024f62f7f,
        type: 3}
      propertyPath: m_LocalPosition.z
      value: 0
      objectReference: {fileID: 0}
    - target: {fileID: 8428890086254220743, guid: c79f03984c6e48f4d8cd688024f62f7f,
        type: 3}
      propertyPath: m_LocalRotation.x
      value: -0
      objectReference: {fileID: 0}
    - target: {fileID: 8428890086254220743, guid: c79f03984c6e48f4d8cd688024f62f7f,
        type: 3}
      propertyPath: m_LocalRotation.y
      value: -0
      objectReference: {fileID: 0}
    - target: {fileID: 8428890086254220743, guid: c79f03984c6e48f4d8cd688024f62f7f,
        type: 3}
      propertyPath: m_LocalRotation.z
      value: -0
      objectReference: {fileID: 0}
    - target: {fileID: 8428890086254220743, guid: c79f03984c6e48f4d8cd688024f62f7f,
        type: 3}
      propertyPath: m_LocalRotation.w
      value: 1
      objectReference: {fileID: 0}
    - target: {fileID: 8428890086254220743, guid: c79f03984c6e48f4d8cd688024f62f7f,
        type: 3}
      propertyPath: m_RootOrder
      value: 5
      objectReference: {fileID: 0}
    - target: {fileID: 8428890086254220743, guid: c79f03984c6e48f4d8cd688024f62f7f,
        type: 3}
      propertyPath: m_LocalEulerAnglesHint.x
      value: 0
      objectReference: {fileID: 0}
    - target: {fileID: 8428890086254220743, guid: c79f03984c6e48f4d8cd688024f62f7f,
        type: 3}
      propertyPath: m_LocalEulerAnglesHint.y
      value: 0
      objectReference: {fileID: 0}
    - target: {fileID: 8428890086254220743, guid: c79f03984c6e48f4d8cd688024f62f7f,
        type: 3}
      propertyPath: m_LocalEulerAnglesHint.z
      value: 0
      objectReference: {fileID: 0}
    - target: {fileID: 2958839111431904746, guid: c79f03984c6e48f4d8cd688024f62f7f,
        type: 3}
      propertyPath: m_Name
      value: LeftWall (1)
      objectReference: {fileID: 0}
    - target: {fileID: 6791169244725608596, guid: c79f03984c6e48f4d8cd688024f62f7f,
        type: 3}
      propertyPath: m_SpriteTilingProperty.newSize.x
      value: 2
      objectReference: {fileID: 0}
    - target: {fileID: 6791169244725608596, guid: c79f03984c6e48f4d8cd688024f62f7f,
        type: 3}
      propertyPath: m_SpriteTilingProperty.newSize.y
      value: 27
      objectReference: {fileID: 0}
    - target: {fileID: 8172572654677218375, guid: c79f03984c6e48f4d8cd688024f62f7f,
        type: 3}
      propertyPath: m_Size.x
      value: 2
      objectReference: {fileID: 0}
    - target: {fileID: 8172572654677218375, guid: c79f03984c6e48f4d8cd688024f62f7f,
        type: 3}
      propertyPath: m_Size.y
      value: 27
      objectReference: {fileID: 0}
    m_RemovedComponents: []
  m_SourcePrefab: {fileID: 100100000, guid: c79f03984c6e48f4d8cd688024f62f7f, type: 3}
--- !u!1001 &2464154643270099494
PrefabInstance:
  m_ObjectHideFlags: 0
  serializedVersion: 2
  m_Modification:
    m_TransformParent: {fileID: 489141997182490973}
    m_Modifications:
    - target: {fileID: 8428890086254220743, guid: c79f03984c6e48f4d8cd688024f62f7f,
        type: 3}
      propertyPath: m_LocalPosition.x
      value: 0
      objectReference: {fileID: 0}
    - target: {fileID: 8428890086254220743, guid: c79f03984c6e48f4d8cd688024f62f7f,
        type: 3}
      propertyPath: m_LocalPosition.y
      value: -6
      objectReference: {fileID: 0}
    - target: {fileID: 8428890086254220743, guid: c79f03984c6e48f4d8cd688024f62f7f,
        type: 3}
      propertyPath: m_LocalPosition.z
      value: 0
      objectReference: {fileID: 0}
    - target: {fileID: 8428890086254220743, guid: c79f03984c6e48f4d8cd688024f62f7f,
        type: 3}
      propertyPath: m_LocalRotation.x
      value: -0
      objectReference: {fileID: 0}
    - target: {fileID: 8428890086254220743, guid: c79f03984c6e48f4d8cd688024f62f7f,
        type: 3}
      propertyPath: m_LocalRotation.y
      value: -0
      objectReference: {fileID: 0}
    - target: {fileID: 8428890086254220743, guid: c79f03984c6e48f4d8cd688024f62f7f,
        type: 3}
      propertyPath: m_LocalRotation.z
      value: -0
      objectReference: {fileID: 0}
    - target: {fileID: 8428890086254220743, guid: c79f03984c6e48f4d8cd688024f62f7f,
        type: 3}
      propertyPath: m_LocalRotation.w
      value: 1
      objectReference: {fileID: 0}
    - target: {fileID: 8428890086254220743, guid: c79f03984c6e48f4d8cd688024f62f7f,
        type: 3}
      propertyPath: m_RootOrder
      value: 3
      objectReference: {fileID: 0}
    - target: {fileID: 8428890086254220743, guid: c79f03984c6e48f4d8cd688024f62f7f,
        type: 3}
      propertyPath: m_LocalEulerAnglesHint.x
      value: 0
      objectReference: {fileID: 0}
    - target: {fileID: 8428890086254220743, guid: c79f03984c6e48f4d8cd688024f62f7f,
        type: 3}
      propertyPath: m_LocalEulerAnglesHint.y
      value: 0
      objectReference: {fileID: 0}
    - target: {fileID: 8428890086254220743, guid: c79f03984c6e48f4d8cd688024f62f7f,
        type: 3}
      propertyPath: m_LocalEulerAnglesHint.z
      value: 0
      objectReference: {fileID: 0}
    - target: {fileID: 2958839111431904746, guid: c79f03984c6e48f4d8cd688024f62f7f,
        type: 3}
      propertyPath: m_Name
      value: Platform (2)
      objectReference: {fileID: 0}
    - target: {fileID: 6791169244725608596, guid: c79f03984c6e48f4d8cd688024f62f7f,
        type: 3}
      propertyPath: m_SpriteTilingProperty.newSize.x
      value: 20
      objectReference: {fileID: 0}
    - target: {fileID: 6791169244725608596, guid: c79f03984c6e48f4d8cd688024f62f7f,
        type: 3}
      propertyPath: m_SpriteTilingProperty.newSize.y
      value: 2
      objectReference: {fileID: 0}
    - target: {fileID: 8172572654677218375, guid: c79f03984c6e48f4d8cd688024f62f7f,
        type: 3}
      propertyPath: m_Size.x
      value: 20
      objectReference: {fileID: 0}
    - target: {fileID: 8172572654677218375, guid: c79f03984c6e48f4d8cd688024f62f7f,
        type: 3}
      propertyPath: m_Size.y
      value: 2
      objectReference: {fileID: 0}
    m_RemovedComponents: []
  m_SourcePrefab: {fileID: 100100000, guid: c79f03984c6e48f4d8cd688024f62f7f, type: 3}
--- !u!1001 &3798351111316490723
PrefabInstance:
  m_ObjectHideFlags: 0
  serializedVersion: 2
  m_Modification:
    m_TransformParent: {fileID: 0}
    m_Modifications:
    - target: {fileID: 289455264306425637, guid: 90219946e4752b743aee0a7a64921d2f,
        type: 3}
      propertyPath: m_Name
      value: PortraitTerrainLevel_132
      objectReference: {fileID: 0}
    - target: {fileID: 2096225337108476846, guid: 90219946e4752b743aee0a7a64921d2f,
        type: 3}
      propertyPath: platforms
      value: 15
      objectReference: {fileID: 0}
    - target: {fileID: 2096225337108476846, guid: 90219946e4752b743aee0a7a64921d2f,
        type: 3}
      propertyPath: time
      value: 20
      objectReference: {fileID: 0}
    - target: {fileID: 2096225337108476846, guid: 90219946e4752b743aee0a7a64921d2f,
        type: 3}
      propertyPath: challenge.Platforms
      value: 10
      objectReference: {fileID: 0}
    - target: {fileID: 2096225337108476846, guid: 90219946e4752b743aee0a7a64921d2f,
        type: 3}
      propertyPath: challenge.Time
      value: 12
      objectReference: {fileID: 0}
    - target: {fileID: 2096225337108476846, guid: 90219946e4752b743aee0a7a64921d2f,
        type: 3}
      propertyPath: normal.Time
      value: 23
      objectReference: {fileID: 0}
    - target: {fileID: 2096225337108476846, guid: 90219946e4752b743aee0a7a64921d2f,
        type: 3}
      propertyPath: normal.Deaths
      value: 5
      objectReference: {fileID: 0}
    - target: {fileID: 289455264306425636, guid: 90219946e4752b743aee0a7a64921d2f,
        type: 3}
      propertyPath: m_LocalPosition.x
      value: 0
      objectReference: {fileID: 0}
    - target: {fileID: 289455264306425636, guid: 90219946e4752b743aee0a7a64921d2f,
        type: 3}
      propertyPath: m_LocalPosition.y
      value: 0
      objectReference: {fileID: 0}
    - target: {fileID: 289455264306425636, guid: 90219946e4752b743aee0a7a64921d2f,
        type: 3}
      propertyPath: m_LocalPosition.z
      value: 0
      objectReference: {fileID: 0}
    - target: {fileID: 289455264306425636, guid: 90219946e4752b743aee0a7a64921d2f,
        type: 3}
      propertyPath: m_LocalRotation.x
      value: 0
      objectReference: {fileID: 0}
    - target: {fileID: 289455264306425636, guid: 90219946e4752b743aee0a7a64921d2f,
        type: 3}
      propertyPath: m_LocalRotation.y
      value: 0
      objectReference: {fileID: 0}
    - target: {fileID: 289455264306425636, guid: 90219946e4752b743aee0a7a64921d2f,
        type: 3}
      propertyPath: m_LocalRotation.z
      value: 0
      objectReference: {fileID: 0}
    - target: {fileID: 289455264306425636, guid: 90219946e4752b743aee0a7a64921d2f,
        type: 3}
      propertyPath: m_LocalRotation.w
      value: 1
      objectReference: {fileID: 0}
    - target: {fileID: 289455264306425636, guid: 90219946e4752b743aee0a7a64921d2f,
        type: 3}
      propertyPath: m_RootOrder
      value: 0
      objectReference: {fileID: 0}
    - target: {fileID: 289455264306425636, guid: 90219946e4752b743aee0a7a64921d2f,
        type: 3}
      propertyPath: m_LocalEulerAnglesHint.x
      value: 0
      objectReference: {fileID: 0}
    - target: {fileID: 289455264306425636, guid: 90219946e4752b743aee0a7a64921d2f,
        type: 3}
      propertyPath: m_LocalEulerAnglesHint.y
      value: 0
      objectReference: {fileID: 0}
    - target: {fileID: 289455264306425636, guid: 90219946e4752b743aee0a7a64921d2f,
        type: 3}
      propertyPath: m_LocalEulerAnglesHint.z
      value: 0
      objectReference: {fileID: 0}
    - target: {fileID: 6892547152935614404, guid: 90219946e4752b743aee0a7a64921d2f,
        type: 3}
      propertyPath: m_Points.m_Paths.Array.data[0].Array.size
      value: 6
      objectReference: {fileID: 0}
    - target: {fileID: 6892547152935614404, guid: 90219946e4752b743aee0a7a64921d2f,
        type: 3}
      propertyPath: m_Points.m_Paths.Array.data[0].Array.data[0].x
      value: -9.85
      objectReference: {fileID: 0}
    - target: {fileID: 6892547152935614404, guid: 90219946e4752b743aee0a7a64921d2f,
        type: 3}
      propertyPath: m_Points.m_Paths.Array.data[0].Array.data[0].y
      value: -6.85
      objectReference: {fileID: 0}
    - target: {fileID: 6892547152935614404, guid: 90219946e4752b743aee0a7a64921d2f,
        type: 3}
      propertyPath: m_Points.m_Paths.Array.data[0].Array.data[1].x
      value: -9.85
      objectReference: {fileID: 0}
    - target: {fileID: 6892547152935614404, guid: 90219946e4752b743aee0a7a64921d2f,
        type: 3}
      propertyPath: m_Points.m_Paths.Array.data[0].Array.data[1].y
      value: -5.15
      objectReference: {fileID: 0}
    - target: {fileID: 6892547152935614404, guid: 90219946e4752b743aee0a7a64921d2f,
        type: 3}
      propertyPath: m_Points.m_Paths.Array.data[0].Array.data[2].x
      value: -8.85
      objectReference: {fileID: 0}
    - target: {fileID: 6892547152935614404, guid: 90219946e4752b743aee0a7a64921d2f,
        type: 3}
      propertyPath: m_Points.m_Paths.Array.data[0].Array.data[2].y
      value: 49.85
      objectReference: {fileID: 0}
    - target: {fileID: 6892547152935614404, guid: 90219946e4752b743aee0a7a64921d2f,
        type: 3}
      propertyPath: m_Points.m_Paths.Array.data[0].Array.data[3].x
      value: 8.85
      objectReference: {fileID: 0}
    - target: {fileID: 6892547152935614404, guid: 90219946e4752b743aee0a7a64921d2f,
        type: 3}
      propertyPath: m_Points.m_Paths.Array.data[0].Array.data[3].y
      value: 49.85
      objectReference: {fileID: 0}
    - target: {fileID: 6892547152935614404, guid: 90219946e4752b743aee0a7a64921d2f,
        type: 3}
      propertyPath: m_Points.m_Paths.Array.data[0].Array.data[4].x
      value: 9.85
      objectReference: {fileID: 0}
    - target: {fileID: 6892547152935614404, guid: 90219946e4752b743aee0a7a64921d2f,
        type: 3}
      propertyPath: m_Points.m_Paths.Array.data[0].Array.data[4].y
      value: -5.15
      objectReference: {fileID: 0}
    - target: {fileID: 6892547152935614404, guid: 90219946e4752b743aee0a7a64921d2f,
        type: 3}
      propertyPath: m_Points.m_Paths.Array.data[0].Array.data[5].x
      value: 9.85
      objectReference: {fileID: 0}
    - target: {fileID: 6892547152935614404, guid: 90219946e4752b743aee0a7a64921d2f,
        type: 3}
      propertyPath: m_Points.m_Paths.Array.data[0].Array.data[5].y
      value: -6.85
      objectReference: {fileID: 0}
    - target: {fileID: 3884536197982772550, guid: 90219946e4752b743aee0a7a64921d2f,
        type: 3}
      propertyPath: m_LocalPosition.y
      value: 21
      objectReference: {fileID: 0}
    - target: {fileID: 3679584117606244012, guid: 90219946e4752b743aee0a7a64921d2f,
        type: 3}
      propertyPath: m_LocalPosition.y
      value: 46
      objectReference: {fileID: 0}
    - target: {fileID: 4088022362260290344, guid: 90219946e4752b743aee0a7a64921d2f,
        type: 3}
      propertyPath: m_LocalPosition.y
      value: 37
      objectReference: {fileID: 0}
    - target: {fileID: 4088022362260290344, guid: 90219946e4752b743aee0a7a64921d2f,
        type: 3}
      propertyPath: m_LocalPosition.x
      value: 0
      objectReference: {fileID: 0}
    - target: {fileID: 2626055186929650877, guid: 90219946e4752b743aee0a7a64921d2f,
        type: 3}
      propertyPath: m_LocalPosition.x
      value: 0
      objectReference: {fileID: 0}
    - target: {fileID: 2626055186929650877, guid: 90219946e4752b743aee0a7a64921d2f,
        type: 3}
      propertyPath: m_LocalPosition.y
      value: 31
      objectReference: {fileID: 0}
    - target: {fileID: 3389398031968696776, guid: 90219946e4752b743aee0a7a64921d2f,
        type: 3}
      propertyPath: m_Points.m_Paths.Array.data[0].Array.size
      value: 4
      objectReference: {fileID: 0}
    - target: {fileID: 3389398031968696776, guid: 90219946e4752b743aee0a7a64921d2f,
        type: 3}
      propertyPath: m_Points.m_Paths.Array.data[0].Array.data[0].x
      value: 23.158636
      objectReference: {fileID: 0}
    - target: {fileID: 3389398031968696776, guid: 90219946e4752b743aee0a7a64921d2f,
        type: 3}
      propertyPath: m_Points.m_Paths.Array.data[0].Array.data[0].y
      value: 49.564728
      objectReference: {fileID: 0}
    - target: {fileID: 3389398031968696776, guid: 90219946e4752b743aee0a7a64921d2f,
        type: 3}
      propertyPath: m_Points.m_Paths.Array.data[0].Array.data[1].x
      value: -25.621494
      objectReference: {fileID: 0}
    - target: {fileID: 3389398031968696776, guid: 90219946e4752b743aee0a7a64921d2f,
        type: 3}
      propertyPath: m_Points.m_Paths.Array.data[0].Array.data[1].y
      value: 49.56473
      objectReference: {fileID: 0}
    - target: {fileID: 3389398031968696776, guid: 90219946e4752b743aee0a7a64921d2f,
        type: 3}
      propertyPath: m_Points.m_Paths.Array.data[0].Array.data[2].x
      value: -9.691549
      objectReference: {fileID: 0}
    - target: {fileID: 3389398031968696776, guid: 90219946e4752b743aee0a7a64921d2f,
        type: 3}
      propertyPath: m_Points.m_Paths.Array.data[0].Array.data[2].y
      value: -6.639334
      objectReference: {fileID: 0}
    - target: {fileID: 3389398031968696776, guid: 90219946e4752b743aee0a7a64921d2f,
        type: 3}
      propertyPath: m_Points.m_Paths.Array.data[0].Array.data[3].x
      value: 9.846004
      objectReference: {fileID: 0}
    - target: {fileID: 3389398031968696776, guid: 90219946e4752b743aee0a7a64921d2f,
        type: 3}
      propertyPath: m_Points.m_Paths.Array.data[0].Array.data[3].y
      value: -6.639334
      objectReference: {fileID: 0}
    - target: {fileID: 3389398031968696776, guid: 90219946e4752b743aee0a7a64921d2f,
        type: 3}
      propertyPath: m_Points.m_Paths.Array.data[0].Array.data[4].x
      value: 7.7126203
      objectReference: {fileID: 0}
    - target: {fileID: 3389398031968696776, guid: 90219946e4752b743aee0a7a64921d2f,
        type: 3}
      propertyPath: m_Points.m_Paths.Array.data[0].Array.data[4].y
      value: -6.5082407
      objectReference: {fileID: 0}
    - target: {fileID: 810134537136035609, guid: 90219946e4752b743aee0a7a64921d2f,
        type: 3}
      propertyPath: m_LocalPosition.x
      value: -10
      objectReference: {fileID: 0}
    - target: {fileID: 810134537136035609, guid: 90219946e4752b743aee0a7a64921d2f,
        type: 3}
      propertyPath: m_LocalPosition.y
      value: -9
      objectReference: {fileID: 0}
    - target: {fileID: 810134537136036151, guid: 90219946e4752b743aee0a7a64921d2f,
        type: 3}
      propertyPath: size.x
      value: 20
      objectReference: {fileID: 0}
    - target: {fileID: 810134537136036151, guid: 90219946e4752b743aee0a7a64921d2f,
        type: 3}
      propertyPath: size.y
      value: 60
      objectReference: {fileID: 0}
    - target: {fileID: 3481265914784007998, guid: 90219946e4752b743aee0a7a64921d2f,
        type: 3}
      propertyPath: m_Points.m_Paths.Array.data[0].Array.data[0].y
      value: 49.71077
      objectReference: {fileID: 0}
    - target: {fileID: 3481265914784007998, guid: 90219946e4752b743aee0a7a64921d2f,
        type: 3}
      propertyPath: m_Points.m_Paths.Array.data[0].Array.data[0].x
      value: 8.657654
      objectReference: {fileID: 0}
    - target: {fileID: 3481265914784007998, guid: 90219946e4752b743aee0a7a64921d2f,
        type: 3}
      propertyPath: m_Points.m_Paths.Array.data[0].Array.data[1].y
      value: 49.793217
      objectReference: {fileID: 0}
    - target: {fileID: 3481265914784007998, guid: 90219946e4752b743aee0a7a64921d2f,
        type: 3}
      propertyPath: m_Points.m_Paths.Array.data[0].Array.data[1].x
      value: -8.6180525
      objectReference: {fileID: 0}
    - target: {fileID: 3481265914784007998, guid: 90219946e4752b743aee0a7a64921d2f,
        type: 3}
      propertyPath: m_Points.m_Paths.Array.data[0].Array.data[2].x
      value: -9.592623
      objectReference: {fileID: 0}
    - target: {fileID: 3481265914784007998, guid: 90219946e4752b743aee0a7a64921d2f,
        type: 3}
      propertyPath: m_Points.m_Paths.Array.data[0].Array.data[2].y
      value: -6.394078
      objectReference: {fileID: 0}
    - target: {fileID: 3481265914784007998, guid: 90219946e4752b743aee0a7a64921d2f,
        type: 3}
      propertyPath: m_Points.m_Paths.Array.data[0].Array.data[3].x
      value: 9.43944
      objectReference: {fileID: 0}
    - target: {fileID: 103994619638307688, guid: 90219946e4752b743aee0a7a64921d2f,
        type: 3}
      propertyPath: m_LocalPosition.y
      value: -1
      objectReference: {fileID: 0}
    - target: {fileID: 1218308215813212819, guid: 90219946e4752b743aee0a7a64921d2f,
        type: 3}
      propertyPath: m_LocalPosition.y
      value: 21
      objectReference: {fileID: 0}
    - target: {fileID: 2142441720056704253, guid: 90219946e4752b743aee0a7a64921d2f,
        type: 3}
      propertyPath: m_LocalPosition.y
      value: 40
      objectReference: {fileID: 0}
    m_RemovedComponents: []
  m_SourcePrefab: {fileID: 100100000, guid: 90219946e4752b743aee0a7a64921d2f, type: 3}
--- !u!4 &489141997182490973 stripped
Transform:
  m_CorrespondingSourceObject: {fileID: 3638833973061439678, guid: 90219946e4752b743aee0a7a64921d2f,
    type: 3}
  m_PrefabInstance: {fileID: 3798351111316490723}
  m_PrefabAsset: {fileID: 0}
--- !u!4 &3174239246303038217 stripped
Transform:
  m_CorrespondingSourceObject: {fileID: 1782121366179660522, guid: 90219946e4752b743aee0a7a64921d2f,
    type: 3}
  m_PrefabInstance: {fileID: 3798351111316490723}
  m_PrefabAsset: {fileID: 0}
--- !u!1001 &5434671671104311736
PrefabInstance:
  m_ObjectHideFlags: 0
  serializedVersion: 2
  m_Modification:
    m_TransformParent: {fileID: 489141997182490973}
    m_Modifications:
    - target: {fileID: 8428890086254220743, guid: c79f03984c6e48f4d8cd688024f62f7f,
        type: 3}
      propertyPath: m_LocalPosition.x
      value: 7
      objectReference: {fileID: 0}
    - target: {fileID: 8428890086254220743, guid: c79f03984c6e48f4d8cd688024f62f7f,
        type: 3}
      propertyPath: m_LocalPosition.y
      value: 7.61
      objectReference: {fileID: 0}
    - target: {fileID: 8428890086254220743, guid: c79f03984c6e48f4d8cd688024f62f7f,
        type: 3}
      propertyPath: m_LocalPosition.z
      value: 0
      objectReference: {fileID: 0}
    - target: {fileID: 8428890086254220743, guid: c79f03984c6e48f4d8cd688024f62f7f,
        type: 3}
      propertyPath: m_LocalRotation.x
      value: -0
      objectReference: {fileID: 0}
    - target: {fileID: 8428890086254220743, guid: c79f03984c6e48f4d8cd688024f62f7f,
        type: 3}
      propertyPath: m_LocalRotation.y
      value: -0
      objectReference: {fileID: 0}
    - target: {fileID: 8428890086254220743, guid: c79f03984c6e48f4d8cd688024f62f7f,
        type: 3}
      propertyPath: m_LocalRotation.z
      value: -0
      objectReference: {fileID: 0}
    - target: {fileID: 8428890086254220743, guid: c79f03984c6e48f4d8cd688024f62f7f,
        type: 3}
      propertyPath: m_LocalRotation.w
      value: 1
      objectReference: {fileID: 0}
    - target: {fileID: 8428890086254220743, guid: c79f03984c6e48f4d8cd688024f62f7f,
        type: 3}
      propertyPath: m_RootOrder
      value: 1
      objectReference: {fileID: 0}
    - target: {fileID: 8428890086254220743, guid: c79f03984c6e48f4d8cd688024f62f7f,
        type: 3}
      propertyPath: m_LocalEulerAnglesHint.x
      value: 0
      objectReference: {fileID: 0}
    - target: {fileID: 8428890086254220743, guid: c79f03984c6e48f4d8cd688024f62f7f,
        type: 3}
      propertyPath: m_LocalEulerAnglesHint.y
      value: 0
      objectReference: {fileID: 0}
    - target: {fileID: 8428890086254220743, guid: c79f03984c6e48f4d8cd688024f62f7f,
        type: 3}
      propertyPath: m_LocalEulerAnglesHint.z
      value: 0
      objectReference: {fileID: 0}
    - target: {fileID: 2958839111431904746, guid: c79f03984c6e48f4d8cd688024f62f7f,
        type: 3}
      propertyPath: m_Name
      value: RightWall
      objectReference: {fileID: 0}
    - target: {fileID: 6791169244725608596, guid: c79f03984c6e48f4d8cd688024f62f7f,
        type: 3}
      propertyPath: m_SpriteTilingProperty.newSize.x
      value: 2
      objectReference: {fileID: 0}
    - target: {fileID: 6791169244725608596, guid: c79f03984c6e48f4d8cd688024f62f7f,
        type: 3}
      propertyPath: m_SpriteTilingProperty.newSize.y
      value: 27
      objectReference: {fileID: 0}
    - target: {fileID: 6791169244725608596, guid: c79f03984c6e48f4d8cd688024f62f7f,
        type: 3}
      propertyPath: m_Size.x
      value: 1.7
      objectReference: {fileID: 0}
    - target: {fileID: 6791169244725608596, guid: c79f03984c6e48f4d8cd688024f62f7f,
        type: 3}
      propertyPath: m_Size.y
      value: 26.7
      objectReference: {fileID: 0}
    - target: {fileID: 8172572654677218375, guid: c79f03984c6e48f4d8cd688024f62f7f,
        type: 3}
      propertyPath: m_Size.x
      value: 2
      objectReference: {fileID: 0}
    - target: {fileID: 8172572654677218375, guid: c79f03984c6e48f4d8cd688024f62f7f,
        type: 3}
      propertyPath: m_Size.y
      value: 27
      objectReference: {fileID: 0}
    m_RemovedComponents: []
  m_SourcePrefab: {fileID: 100100000, guid: c79f03984c6e48f4d8cd688024f62f7f, type: 3}
--- !u!1001 &5732722211545088527
PrefabInstance:
  m_ObjectHideFlags: 0
  serializedVersion: 2
  m_Modification:
    m_TransformParent: {fileID: 489141997182490973}
    m_Modifications:
    - target: {fileID: 5596843319308109367, guid: 67e6d73c3b25bff4db8165561129766b,
        type: 3}
      propertyPath: m_Name
      value: Hostile Platform (1)
      objectReference: {fileID: 0}
    - target: {fileID: 1179236969741291034, guid: 67e6d73c3b25bff4db8165561129766b,
        type: 3}
      propertyPath: m_LocalPosition.x
      value: -5
      objectReference: {fileID: 0}
    - target: {fileID: 1179236969741291034, guid: 67e6d73c3b25bff4db8165561129766b,
        type: 3}
      propertyPath: m_LocalPosition.y
      value: 21
      objectReference: {fileID: 0}
    - target: {fileID: 1179236969741291034, guid: 67e6d73c3b25bff4db8165561129766b,
        type: 3}
      propertyPath: m_LocalPosition.z
      value: 0
      objectReference: {fileID: 0}
    - target: {fileID: 1179236969741291034, guid: 67e6d73c3b25bff4db8165561129766b,
        type: 3}
      propertyPath: m_LocalRotation.x
      value: 0
      objectReference: {fileID: 0}
    - target: {fileID: 1179236969741291034, guid: 67e6d73c3b25bff4db8165561129766b,
        type: 3}
      propertyPath: m_LocalRotation.y
      value: 0
      objectReference: {fileID: 0}
    - target: {fileID: 1179236969741291034, guid: 67e6d73c3b25bff4db8165561129766b,
        type: 3}
      propertyPath: m_LocalRotation.z
      value: 0
      objectReference: {fileID: 0}
    - target: {fileID: 1179236969741291034, guid: 67e6d73c3b25bff4db8165561129766b,
        type: 3}
      propertyPath: m_LocalRotation.w
      value: 1
      objectReference: {fileID: 0}
    - target: {fileID: 1179236969741291034, guid: 67e6d73c3b25bff4db8165561129766b,
        type: 3}
      propertyPath: m_RootOrder
      value: 8
      objectReference: {fileID: 0}
    - target: {fileID: 1179236969741291034, guid: 67e6d73c3b25bff4db8165561129766b,
        type: 3}
      propertyPath: m_LocalEulerAnglesHint.x
      value: 0
      objectReference: {fileID: 0}
    - target: {fileID: 1179236969741291034, guid: 67e6d73c3b25bff4db8165561129766b,
        type: 3}
      propertyPath: m_LocalEulerAnglesHint.y
      value: 0
      objectReference: {fileID: 0}
    - target: {fileID: 1179236969741291034, guid: 67e6d73c3b25bff4db8165561129766b,
        type: 3}
      propertyPath: m_LocalEulerAnglesHint.z
      value: 0
      objectReference: {fileID: 0}
    - target: {fileID: 4222977136570604361, guid: 67e6d73c3b25bff4db8165561129766b,
        type: 3}
      propertyPath: m_SpriteTilingProperty.newSize.x
      value: 2
      objectReference: {fileID: 0}
    - target: {fileID: 4222977136570604361, guid: 67e6d73c3b25bff4db8165561129766b,
        type: 3}
      propertyPath: m_SpriteTilingProperty.newSize.y
      value: 8
      objectReference: {fileID: 0}
    - target: {fileID: 1571435907294547866, guid: 67e6d73c3b25bff4db8165561129766b,
        type: 3}
      propertyPath: m_Size.x
      value: 2
      objectReference: {fileID: 0}
    - target: {fileID: 1571435907294547866, guid: 67e6d73c3b25bff4db8165561129766b,
        type: 3}
      propertyPath: m_Size.y
      value: 8
      objectReference: {fileID: 0}
    m_RemovedComponents: []
  m_SourcePrefab: {fileID: 100100000, guid: 67e6d73c3b25bff4db8165561129766b, type: 3}
--- !u!1001 &5909985001745284679
PrefabInstance:
  m_ObjectHideFlags: 0
  serializedVersion: 2
  m_Modification:
    m_TransformParent: {fileID: 3174239246303038217}
    m_Modifications:
    - target: {fileID: 7103477376913710171, guid: 073e28717c43d5245a0cbca0cf381993,
        type: 3}
      propertyPath: m_Name
      value: OneWayPlatform Checkpoint
      objectReference: {fileID: 0}
    - target: {fileID: 4567241108461442166, guid: 073e28717c43d5245a0cbca0cf381993,
        type: 3}
      propertyPath: m_LocalPosition.x
      value: 0
      objectReference: {fileID: 0}
    - target: {fileID: 4567241108461442166, guid: 073e28717c43d5245a0cbca0cf381993,
        type: 3}
      propertyPath: m_LocalPosition.y
      value: 25.25
      objectReference: {fileID: 0}
    - target: {fileID: 4567241108461442166, guid: 073e28717c43d5245a0cbca0cf381993,
        type: 3}
      propertyPath: m_LocalPosition.z
      value: 0
      objectReference: {fileID: 0}
    - target: {fileID: 4567241108461442166, guid: 073e28717c43d5245a0cbca0cf381993,
        type: 3}
      propertyPath: m_LocalRotation.x
      value: -0
      objectReference: {fileID: 0}
    - target: {fileID: 4567241108461442166, guid: 073e28717c43d5245a0cbca0cf381993,
        type: 3}
      propertyPath: m_LocalRotation.y
      value: -0
      objectReference: {fileID: 0}
    - target: {fileID: 4567241108461442166, guid: 073e28717c43d5245a0cbca0cf381993,
        type: 3}
      propertyPath: m_LocalRotation.z
      value: -0
      objectReference: {fileID: 0}
    - target: {fileID: 4567241108461442166, guid: 073e28717c43d5245a0cbca0cf381993,
        type: 3}
      propertyPath: m_LocalRotation.w
      value: 1
      objectReference: {fileID: 0}
    - target: {fileID: 4567241108461442166, guid: 073e28717c43d5245a0cbca0cf381993,
        type: 3}
      propertyPath: m_RootOrder
      value: 0
      objectReference: {fileID: 0}
    - target: {fileID: 4567241108461442166, guid: 073e28717c43d5245a0cbca0cf381993,
        type: 3}
      propertyPath: m_LocalEulerAnglesHint.x
      value: 0
      objectReference: {fileID: 0}
    - target: {fileID: 4567241108461442166, guid: 073e28717c43d5245a0cbca0cf381993,
        type: 3}
      propertyPath: m_LocalEulerAnglesHint.y
      value: 0
      objectReference: {fileID: 0}
    - target: {fileID: 4567241108461442166, guid: 073e28717c43d5245a0cbca0cf381993,
        type: 3}
      propertyPath: m_LocalEulerAnglesHint.z
      value: 0
      objectReference: {fileID: 0}
    m_RemovedComponents: []
  m_SourcePrefab: {fileID: 100100000, guid: 073e28717c43d5245a0cbca0cf381993, type: 3}
--- !u!1001 &7562134987383172030
PrefabInstance:
  m_ObjectHideFlags: 0
  serializedVersion: 2
  m_Modification:
    m_TransformParent: {fileID: 489141997182490973}
    m_Modifications:
    - target: {fileID: 5596843319308109367, guid: 67e6d73c3b25bff4db8165561129766b,
        type: 3}
      propertyPath: m_Name
      value: Hostile Platform
      objectReference: {fileID: 0}
    - target: {fileID: 1179236969741291034, guid: 67e6d73c3b25bff4db8165561129766b,
        type: 3}
      propertyPath: m_LocalPosition.x
      value: 0
      objectReference: {fileID: 0}
    - target: {fileID: 1179236969741291034, guid: 67e6d73c3b25bff4db8165561129766b,
        type: 3}
      propertyPath: m_LocalPosition.y
      value: -4
      objectReference: {fileID: 0}
    - target: {fileID: 1179236969741291034, guid: 67e6d73c3b25bff4db8165561129766b,
        type: 3}
      propertyPath: m_LocalPosition.z
      value: 0
      objectReference: {fileID: 0}
    - target: {fileID: 1179236969741291034, guid: 67e6d73c3b25bff4db8165561129766b,
        type: 3}
      propertyPath: m_LocalRotation.x
      value: 0
      objectReference: {fileID: 0}
    - target: {fileID: 1179236969741291034, guid: 67e6d73c3b25bff4db8165561129766b,
        type: 3}
      propertyPath: m_LocalRotation.y
      value: 0
      objectReference: {fileID: 0}
    - target: {fileID: 1179236969741291034, guid: 67e6d73c3b25bff4db8165561129766b,
        type: 3}
      propertyPath: m_LocalRotation.z
      value: 0
      objectReference: {fileID: 0}
    - target: {fileID: 1179236969741291034, guid: 67e6d73c3b25bff4db8165561129766b,
        type: 3}
      propertyPath: m_LocalRotation.w
      value: 1
      objectReference: {fileID: 0}
    - target: {fileID: 1179236969741291034, guid: 67e6d73c3b25bff4db8165561129766b,
        type: 3}
      propertyPath: m_RootOrder
      value: 7
      objectReference: {fileID: 0}
    - target: {fileID: 1179236969741291034, guid: 67e6d73c3b25bff4db8165561129766b,
        type: 3}
      propertyPath: m_LocalEulerAnglesHint.x
      value: 0
      objectReference: {fileID: 0}
    - target: {fileID: 1179236969741291034, guid: 67e6d73c3b25bff4db8165561129766b,
        type: 3}
      propertyPath: m_LocalEulerAnglesHint.y
      value: 0
      objectReference: {fileID: 0}
    - target: {fileID: 1179236969741291034, guid: 67e6d73c3b25bff4db8165561129766b,
        type: 3}
      propertyPath: m_LocalEulerAnglesHint.z
      value: 0
      objectReference: {fileID: 0}
    - target: {fileID: 4222977136570604361, guid: 67e6d73c3b25bff4db8165561129766b,
        type: 3}
      propertyPath: m_SpriteTilingProperty.newSize.x
      value: 12
      objectReference: {fileID: 0}
    - target: {fileID: 4222977136570604361, guid: 67e6d73c3b25bff4db8165561129766b,
        type: 3}
      propertyPath: m_SpriteTilingProperty.newSize.y
      value: 2
      objectReference: {fileID: 0}
    - target: {fileID: 1571435907294547866, guid: 67e6d73c3b25bff4db8165561129766b,
        type: 3}
      propertyPath: m_Size.x
      value: 12
      objectReference: {fileID: 0}
    - target: {fileID: 1571435907294547866, guid: 67e6d73c3b25bff4db8165561129766b,
        type: 3}
      propertyPath: m_Size.y
      value: 2
      objectReference: {fileID: 0}
    m_RemovedComponents: []
  m_SourcePrefab: {fileID: 100100000, guid: 67e6d73c3b25bff4db8165561129766b, type: 3}
--- !u!1001 &8913058384163690341
PrefabInstance:
  m_ObjectHideFlags: 0
  serializedVersion: 2
  m_Modification:
    m_TransformParent: {fileID: 489141997182490973}
    m_Modifications:
    - target: {fileID: 5596843319308109367, guid: 67e6d73c3b25bff4db8165561129766b,
        type: 3}
      propertyPath: m_Name
      value: Hostile Platform (4)
      objectReference: {fileID: 0}
    - target: {fileID: 1179236969741291034, guid: 67e6d73c3b25bff4db8165561129766b,
        type: 3}
      propertyPath: m_LocalPosition.x
      value: -5
      objectReference: {fileID: 0}
    - target: {fileID: 1179236969741291034, guid: 67e6d73c3b25bff4db8165561129766b,
        type: 3}
      propertyPath: m_LocalPosition.y
      value: 43
      objectReference: {fileID: 0}
    - target: {fileID: 1179236969741291034, guid: 67e6d73c3b25bff4db8165561129766b,
        type: 3}
      propertyPath: m_LocalPosition.z
      value: 0
      objectReference: {fileID: 0}
    - target: {fileID: 1179236969741291034, guid: 67e6d73c3b25bff4db8165561129766b,
        type: 3}
      propertyPath: m_LocalRotation.x
      value: 0
      objectReference: {fileID: 0}
    - target: {fileID: 1179236969741291034, guid: 67e6d73c3b25bff4db8165561129766b,
        type: 3}
      propertyPath: m_LocalRotation.y
      value: 0
      objectReference: {fileID: 0}
    - target: {fileID: 1179236969741291034, guid: 67e6d73c3b25bff4db8165561129766b,
        type: 3}
      propertyPath: m_LocalRotation.z
      value: 0
      objectReference: {fileID: 0}
    - target: {fileID: 1179236969741291034, guid: 67e6d73c3b25bff4db8165561129766b,
        type: 3}
      propertyPath: m_LocalRotation.w
      value: 1
      objectReference: {fileID: 0}
    - target: {fileID: 1179236969741291034, guid: 67e6d73c3b25bff4db8165561129766b,
        type: 3}
      propertyPath: m_RootOrder
      value: 11
      objectReference: {fileID: 0}
    - target: {fileID: 1179236969741291034, guid: 67e6d73c3b25bff4db8165561129766b,
        type: 3}
      propertyPath: m_LocalEulerAnglesHint.x
      value: 0
      objectReference: {fileID: 0}
    - target: {fileID: 1179236969741291034, guid: 67e6d73c3b25bff4db8165561129766b,
        type: 3}
      propertyPath: m_LocalEulerAnglesHint.y
      value: 0
      objectReference: {fileID: 0}
    - target: {fileID: 1179236969741291034, guid: 67e6d73c3b25bff4db8165561129766b,
        type: 3}
      propertyPath: m_LocalEulerAnglesHint.z
      value: 0
      objectReference: {fileID: 0}
    - target: {fileID: 4222977136570604361, guid: 67e6d73c3b25bff4db8165561129766b,
        type: 3}
      propertyPath: m_SpriteTilingProperty.newSize.x
      value: 2
      objectReference: {fileID: 0}
    - target: {fileID: 4222977136570604361, guid: 67e6d73c3b25bff4db8165561129766b,
        type: 3}
      propertyPath: m_SpriteTilingProperty.newSize.y
      value: 2
      objectReference: {fileID: 0}
    - target: {fileID: 1571435907294547866, guid: 67e6d73c3b25bff4db8165561129766b,
        type: 3}
      propertyPath: m_Size.x
      value: 2
      objectReference: {fileID: 0}
    - target: {fileID: 1571435907294547866, guid: 67e6d73c3b25bff4db8165561129766b,
        type: 3}
      propertyPath: m_Size.y
      value: 2
      objectReference: {fileID: 0}
    m_RemovedComponents: []
  m_SourcePrefab: {fileID: 100100000, guid: 67e6d73c3b25bff4db8165561129766b, type: 3}
