%YAML 1.1
%TAG !u! tag:unity3d.com,2011:
--- !u!1001 &162805242121707441
PrefabInstance:
  m_ObjectHideFlags: 0
  serializedVersion: 2
  m_Modification:
    m_TransformParent: {fileID: 489141997182490973}
    m_Modifications:
    - target: {fileID: 8428890086254220743, guid: c79f03984c6e48f4d8cd688024f62f7f,
        type: 3}
      propertyPath: m_LocalPosition.x
      value: -11.067
      objectReference: {fileID: 0}
    - target: {fileID: 8428890086254220743, guid: c79f03984c6e48f4d8cd688024f62f7f,
        type: 3}
      propertyPath: m_LocalPosition.y
      value: 11
      objectReference: {fileID: 0}
    - target: {fileID: 8428890086254220743, guid: c79f03984c6e48f4d8cd688024f62f7f,
        type: 3}
      propertyPath: m_LocalPosition.z
      value: 0
      objectReference: {fileID: 0}
    - target: {fileID: 8428890086254220743, guid: c79f03984c6e48f4d8cd688024f62f7f,
        type: 3}
      propertyPath: m_LocalRotation.x
      value: -0
      objectReference: {fileID: 0}
    - target: {fileID: 8428890086254220743, guid: c79f03984c6e48f4d8cd688024f62f7f,
        type: 3}
      propertyPath: m_LocalRotation.y
      value: -0
      objectReference: {fileID: 0}
    - target: {fileID: 8428890086254220743, guid: c79f03984c6e48f4d8cd688024f62f7f,
        type: 3}
      propertyPath: m_LocalRotation.z
      value: -0
      objectReference: {fileID: 0}
    - target: {fileID: 8428890086254220743, guid: c79f03984c6e48f4d8cd688024f62f7f,
        type: 3}
      propertyPath: m_LocalRotation.w
      value: 1
      objectReference: {fileID: 0}
    - target: {fileID: 8428890086254220743, guid: c79f03984c6e48f4d8cd688024f62f7f,
        type: 3}
      propertyPath: m_RootOrder
      value: 0
      objectReference: {fileID: 0}
    - target: {fileID: 8428890086254220743, guid: c79f03984c6e48f4d8cd688024f62f7f,
        type: 3}
      propertyPath: m_LocalEulerAnglesHint.x
      value: 0
      objectReference: {fileID: 0}
    - target: {fileID: 8428890086254220743, guid: c79f03984c6e48f4d8cd688024f62f7f,
        type: 3}
      propertyPath: m_LocalEulerAnglesHint.y
      value: 0
      objectReference: {fileID: 0}
    - target: {fileID: 8428890086254220743, guid: c79f03984c6e48f4d8cd688024f62f7f,
        type: 3}
      propertyPath: m_LocalEulerAnglesHint.z
      value: 0
      objectReference: {fileID: 0}
    - target: {fileID: 2958839111431904746, guid: c79f03984c6e48f4d8cd688024f62f7f,
        type: 3}
      propertyPath: m_Name
      value: LeftWall
      objectReference: {fileID: 0}
    - target: {fileID: 6791169244725608596, guid: c79f03984c6e48f4d8cd688024f62f7f,
        type: 3}
      propertyPath: m_SpriteTilingProperty.newSize.x
      value: 10.134045
      objectReference: {fileID: 0}
    - target: {fileID: 6791169244725608596, guid: c79f03984c6e48f4d8cd688024f62f7f,
        type: 3}
      propertyPath: m_SpriteTilingProperty.newSize.y
      value: 35
      objectReference: {fileID: 0}
    - target: {fileID: 8172572654677218375, guid: c79f03984c6e48f4d8cd688024f62f7f,
        type: 3}
      propertyPath: m_Size.x
      value: 10.134045
      objectReference: {fileID: 0}
    - target: {fileID: 8172572654677218375, guid: c79f03984c6e48f4d8cd688024f62f7f,
        type: 3}
      propertyPath: m_Size.y
      value: 35
      objectReference: {fileID: 0}
    m_RemovedComponents: []
  m_SourcePrefab: {fileID: 100100000, guid: c79f03984c6e48f4d8cd688024f62f7f, type: 3}
--- !u!1001 &1804102943646893534
PrefabInstance:
  m_ObjectHideFlags: 0
  serializedVersion: 2
  m_Modification:
    m_TransformParent: {fileID: 489141997182490973}
    m_Modifications:
    - target: {fileID: 3310589692164440833, guid: 3c6626b34d9d203428da900e90dbbfb7,
        type: 3}
      propertyPath: m_LocalPosition.x
      value: 0
      objectReference: {fileID: 0}
    - target: {fileID: 3310589692164440833, guid: 3c6626b34d9d203428da900e90dbbfb7,
        type: 3}
      propertyPath: m_LocalPosition.y
      value: 8.63
      objectReference: {fileID: 0}
    - target: {fileID: 3310589692164440833, guid: 3c6626b34d9d203428da900e90dbbfb7,
        type: 3}
      propertyPath: m_LocalPosition.z
      value: 0
      objectReference: {fileID: 0}
    - target: {fileID: 3310589692164440833, guid: 3c6626b34d9d203428da900e90dbbfb7,
        type: 3}
      propertyPath: m_LocalRotation.x
      value: -0
      objectReference: {fileID: 0}
    - target: {fileID: 3310589692164440833, guid: 3c6626b34d9d203428da900e90dbbfb7,
        type: 3}
      propertyPath: m_LocalRotation.y
      value: -0
      objectReference: {fileID: 0}
    - target: {fileID: 3310589692164440833, guid: 3c6626b34d9d203428da900e90dbbfb7,
        type: 3}
      propertyPath: m_LocalRotation.z
      value: -0
      objectReference: {fileID: 0}
    - target: {fileID: 3310589692164440833, guid: 3c6626b34d9d203428da900e90dbbfb7,
        type: 3}
      propertyPath: m_LocalRotation.w
      value: 1
      objectReference: {fileID: 0}
    - target: {fileID: 3310589692164440833, guid: 3c6626b34d9d203428da900e90dbbfb7,
        type: 3}
      propertyPath: m_RootOrder
      value: 2
      objectReference: {fileID: 0}
    - target: {fileID: 3310589692164440833, guid: 3c6626b34d9d203428da900e90dbbfb7,
        type: 3}
      propertyPath: m_LocalEulerAnglesHint.x
      value: 0
      objectReference: {fileID: 0}
    - target: {fileID: 3310589692164440833, guid: 3c6626b34d9d203428da900e90dbbfb7,
        type: 3}
      propertyPath: m_LocalEulerAnglesHint.y
      value: 0
      objectReference: {fileID: 0}
    - target: {fileID: 3310589692164440833, guid: 3c6626b34d9d203428da900e90dbbfb7,
        type: 3}
      propertyPath: m_LocalEulerAnglesHint.z
      value: 0
      objectReference: {fileID: 0}
    - target: {fileID: 8072444317254863660, guid: 3c6626b34d9d203428da900e90dbbfb7,
        type: 3}
      propertyPath: m_Name
      value: OneWayPlatform
      objectReference: {fileID: 0}
    - target: {fileID: 8072444317254863660, guid: 3c6626b34d9d203428da900e90dbbfb7,
        type: 3}
      propertyPath: m_IsActive
      value: 0
      objectReference: {fileID: 0}
    - target: {fileID: 520140857393485394, guid: 3c6626b34d9d203428da900e90dbbfb7,
        type: 3}
      propertyPath: m_SpriteTilingProperty.newSize.x
      value: 15.686535
      objectReference: {fileID: 0}
    - target: {fileID: 520140857393485394, guid: 3c6626b34d9d203428da900e90dbbfb7,
        type: 3}
      propertyPath: m_SpriteTilingProperty.newSize.y
      value: 0.48375064
      objectReference: {fileID: 0}
    - target: {fileID: 520140857393485394, guid: 3c6626b34d9d203428da900e90dbbfb7,
        type: 3}
      propertyPath: m_Size.x
      value: 15.386535
      objectReference: {fileID: 0}
    - target: {fileID: 520140857393485394, guid: 3c6626b34d9d203428da900e90dbbfb7,
        type: 3}
      propertyPath: m_Size.y
      value: 0.18375063
      objectReference: {fileID: 0}
    - target: {fileID: 2909944038724321921, guid: 3c6626b34d9d203428da900e90dbbfb7,
        type: 3}
      propertyPath: m_Size.x
      value: 15.686535
      objectReference: {fileID: 0}
    - target: {fileID: 2909944038724321921, guid: 3c6626b34d9d203428da900e90dbbfb7,
        type: 3}
      propertyPath: m_Size.y
      value: 0.48375064
      objectReference: {fileID: 0}
    m_RemovedComponents: []
  m_SourcePrefab: {fileID: 100100000, guid: 3c6626b34d9d203428da900e90dbbfb7, type: 3}
--- !u!1001 &1855721505091065118
PrefabInstance:
  m_ObjectHideFlags: 0
  serializedVersion: 2
  m_Modification:
    m_TransformParent: {fileID: 489141997182490973}
    m_Modifications:
    - target: {fileID: 8428890086254220743, guid: c79f03984c6e48f4d8cd688024f62f7f,
        type: 3}
      propertyPath: m_LocalPosition.x
      value: 19
      objectReference: {fileID: 0}
    - target: {fileID: 8428890086254220743, guid: c79f03984c6e48f4d8cd688024f62f7f,
        type: 3}
      propertyPath: m_LocalPosition.y
      value: 17
      objectReference: {fileID: 0}
    - target: {fileID: 8428890086254220743, guid: c79f03984c6e48f4d8cd688024f62f7f,
        type: 3}
      propertyPath: m_LocalPosition.z
      value: 0
      objectReference: {fileID: 0}
    - target: {fileID: 8428890086254220743, guid: c79f03984c6e48f4d8cd688024f62f7f,
        type: 3}
      propertyPath: m_LocalRotation.x
      value: 0
      objectReference: {fileID: 0}
    - target: {fileID: 8428890086254220743, guid: c79f03984c6e48f4d8cd688024f62f7f,
        type: 3}
      propertyPath: m_LocalRotation.y
      value: 0
      objectReference: {fileID: 0}
    - target: {fileID: 8428890086254220743, guid: c79f03984c6e48f4d8cd688024f62f7f,
        type: 3}
      propertyPath: m_LocalRotation.z
      value: 0
      objectReference: {fileID: 0}
    - target: {fileID: 8428890086254220743, guid: c79f03984c6e48f4d8cd688024f62f7f,
        type: 3}
      propertyPath: m_LocalRotation.w
      value: 1
      objectReference: {fileID: 0}
    - target: {fileID: 8428890086254220743, guid: c79f03984c6e48f4d8cd688024f62f7f,
        type: 3}
      propertyPath: m_RootOrder
      value: 5
      objectReference: {fileID: 0}
    - target: {fileID: 8428890086254220743, guid: c79f03984c6e48f4d8cd688024f62f7f,
        type: 3}
      propertyPath: m_LocalEulerAnglesHint.x
      value: 0
      objectReference: {fileID: 0}
    - target: {fileID: 8428890086254220743, guid: c79f03984c6e48f4d8cd688024f62f7f,
        type: 3}
      propertyPath: m_LocalEulerAnglesHint.y
      value: 0
      objectReference: {fileID: 0}
    - target: {fileID: 8428890086254220743, guid: c79f03984c6e48f4d8cd688024f62f7f,
        type: 3}
      propertyPath: m_LocalEulerAnglesHint.z
      value: 0
      objectReference: {fileID: 0}
    - target: {fileID: 2958839111431904746, guid: c79f03984c6e48f4d8cd688024f62f7f,
        type: 3}
      propertyPath: m_Name
      value: Platform
      objectReference: {fileID: 0}
    - target: {fileID: 6791169244725608596, guid: c79f03984c6e48f4d8cd688024f62f7f,
        type: 3}
      propertyPath: m_SpriteTilingProperty.newSize.x
      value: 0.5
      objectReference: {fileID: 0}
    - target: {fileID: 6791169244725608596, guid: c79f03984c6e48f4d8cd688024f62f7f,
        type: 3}
      propertyPath: m_SpriteTilingProperty.newSize.y
      value: 10
      objectReference: {fileID: 0}
    - target: {fileID: 8172572654677218375, guid: c79f03984c6e48f4d8cd688024f62f7f,
        type: 3}
      propertyPath: m_Size.x
      value: 0.5
      objectReference: {fileID: 0}
    - target: {fileID: 8172572654677218375, guid: c79f03984c6e48f4d8cd688024f62f7f,
        type: 3}
      propertyPath: m_Size.y
      value: 10
      objectReference: {fileID: 0}
    m_RemovedComponents: []
  m_SourcePrefab: {fileID: 100100000, guid: c79f03984c6e48f4d8cd688024f62f7f, type: 3}
--- !u!1001 &3798351111316490723
PrefabInstance:
  m_ObjectHideFlags: 0
  serializedVersion: 2
  m_Modification:
    m_TransformParent: {fileID: 0}
    m_Modifications:
    - target: {fileID: 289455264306425637, guid: 90219946e4752b743aee0a7a64921d2f,
        type: 3}
      propertyPath: m_Name
      value: PortraitTerrainLevel_17
      objectReference: {fileID: 0}
    - target: {fileID: 2096225337108476846, guid: 90219946e4752b743aee0a7a64921d2f,
        type: 3}
      propertyPath: platforms
      value: 5
      objectReference: {fileID: 0}
    - target: {fileID: 2096225337108476846, guid: 90219946e4752b743aee0a7a64921d2f,
        type: 3}
      propertyPath: time
      value: 7
      objectReference: {fileID: 0}
    - target: {fileID: 2096225337108476846, guid: 90219946e4752b743aee0a7a64921d2f,
        type: 3}
      propertyPath: challenge.Platforms
      value: 4
      objectReference: {fileID: 0}
    - target: {fileID: 2096225337108476846, guid: 90219946e4752b743aee0a7a64921d2f,
        type: 3}
      propertyPath: challenge.Time
      value: 5
      objectReference: {fileID: 0}
    - target: {fileID: 2096225337108476846, guid: 90219946e4752b743aee0a7a64921d2f,
        type: 3}
      propertyPath: challenge.Stars
      value: 3
      objectReference: {fileID: 0}
    - target: {fileID: 2096225337108476846, guid: 90219946e4752b743aee0a7a64921d2f,
        type: 3}
      propertyPath: normal.Platforms
      value: 8
      objectReference: {fileID: 0}
    - target: {fileID: 2096225337108476846, guid: 90219946e4752b743aee0a7a64921d2f,
        type: 3}
      propertyPath: normal.Time
      value: 10
      objectReference: {fileID: 0}
    - target: {fileID: 2096225337108476846, guid: 90219946e4752b743aee0a7a64921d2f,
        type: 3}
      propertyPath: normal.Stars
      value: 3
      objectReference: {fileID: 0}
    - target: {fileID: 289455264306425636, guid: 90219946e4752b743aee0a7a64921d2f,
        type: 3}
      propertyPath: m_LocalPosition.x
      value: 0
      objectReference: {fileID: 0}
    - target: {fileID: 289455264306425636, guid: 90219946e4752b743aee0a7a64921d2f,
        type: 3}
      propertyPath: m_LocalPosition.y
      value: 0
      objectReference: {fileID: 0}
    - target: {fileID: 289455264306425636, guid: 90219946e4752b743aee0a7a64921d2f,
        type: 3}
      propertyPath: m_LocalPosition.z
      value: 0
      objectReference: {fileID: 0}
    - target: {fileID: 289455264306425636, guid: 90219946e4752b743aee0a7a64921d2f,
        type: 3}
      propertyPath: m_LocalRotation.x
      value: 0
      objectReference: {fileID: 0}
    - target: {fileID: 289455264306425636, guid: 90219946e4752b743aee0a7a64921d2f,
        type: 3}
      propertyPath: m_LocalRotation.y
      value: 0
      objectReference: {fileID: 0}
    - target: {fileID: 289455264306425636, guid: 90219946e4752b743aee0a7a64921d2f,
        type: 3}
      propertyPath: m_LocalRotation.z
      value: 0
      objectReference: {fileID: 0}
    - target: {fileID: 289455264306425636, guid: 90219946e4752b743aee0a7a64921d2f,
        type: 3}
      propertyPath: m_LocalRotation.w
      value: 1
      objectReference: {fileID: 0}
    - target: {fileID: 289455264306425636, guid: 90219946e4752b743aee0a7a64921d2f,
        type: 3}
      propertyPath: m_RootOrder
      value: 0
      objectReference: {fileID: 0}
    - target: {fileID: 289455264306425636, guid: 90219946e4752b743aee0a7a64921d2f,
        type: 3}
      propertyPath: m_LocalEulerAnglesHint.x
      value: 0
      objectReference: {fileID: 0}
    - target: {fileID: 289455264306425636, guid: 90219946e4752b743aee0a7a64921d2f,
        type: 3}
      propertyPath: m_LocalEulerAnglesHint.y
      value: 0
      objectReference: {fileID: 0}
    - target: {fileID: 289455264306425636, guid: 90219946e4752b743aee0a7a64921d2f,
        type: 3}
      propertyPath: m_LocalEulerAnglesHint.z
      value: 0
      objectReference: {fileID: 0}
    - target: {fileID: 6892547152935614404, guid: 90219946e4752b743aee0a7a64921d2f,
        type: 3}
      propertyPath: m_Points.m_Paths.Array.data[0].Array.size
      value: 4
      objectReference: {fileID: 0}
    - target: {fileID: 6892547152935614404, guid: 90219946e4752b743aee0a7a64921d2f,
        type: 3}
      propertyPath: m_Points.m_Paths.Array.data[0].Array.data[0].x
      value: -15
      objectReference: {fileID: 0}
    - target: {fileID: 6892547152935614404, guid: 90219946e4752b743aee0a7a64921d2f,
        type: 3}
      propertyPath: m_Points.m_Paths.Array.data[0].Array.data[0].y
      value: -16.5
      objectReference: {fileID: 0}
    - target: {fileID: 6892547152935614404, guid: 90219946e4752b743aee0a7a64921d2f,
        type: 3}
      propertyPath: m_Points.m_Paths.Array.data[0].Array.data[1].x
      value: -15
      objectReference: {fileID: 0}
    - target: {fileID: 6892547152935614404, guid: 90219946e4752b743aee0a7a64921d2f,
        type: 3}
      propertyPath: m_Points.m_Paths.Array.data[0].Array.data[1].y
      value: 38.499996
      objectReference: {fileID: 0}
    - target: {fileID: 6892547152935614404, guid: 90219946e4752b743aee0a7a64921d2f,
        type: 3}
      propertyPath: m_Points.m_Paths.Array.data[0].Array.data[2].x
      value: 15
      objectReference: {fileID: 0}
    - target: {fileID: 6892547152935614404, guid: 90219946e4752b743aee0a7a64921d2f,
        type: 3}
      propertyPath: m_Points.m_Paths.Array.data[0].Array.data[2].y
      value: 38.499996
      objectReference: {fileID: 0}
    - target: {fileID: 6892547152935614404, guid: 90219946e4752b743aee0a7a64921d2f,
        type: 3}
      propertyPath: m_Points.m_Paths.Array.data[0].Array.data[3].x
      value: 15
      objectReference: {fileID: 0}
    - target: {fileID: 6892547152935614404, guid: 90219946e4752b743aee0a7a64921d2f,
        type: 3}
      propertyPath: m_Points.m_Paths.Array.data[0].Array.data[3].y
      value: -16.5
      objectReference: {fileID: 0}
    - target: {fileID: 6892547152935614404, guid: 90219946e4752b743aee0a7a64921d2f,
        type: 3}
      propertyPath: m_Points.m_Paths.Array.data[0].Array.data[4].x
      value: 13.974228
      objectReference: {fileID: 0}
    - target: {fileID: 6892547152935614404, guid: 90219946e4752b743aee0a7a64921d2f,
        type: 3}
      propertyPath: m_Points.m_Paths.Array.data[0].Array.data[4].y
      value: 20.960001
      objectReference: {fileID: 0}
    - target: {fileID: 6892547152935614404, guid: 90219946e4752b743aee0a7a64921d2f,
        type: 3}
      propertyPath: m_Points.m_Paths.Array.data[0].Array.data[5].x
      value: 13.974228
      objectReference: {fileID: 0}
    - target: {fileID: 6892547152935614404, guid: 90219946e4752b743aee0a7a64921d2f,
        type: 3}
      propertyPath: m_Points.m_Paths.Array.data[0].Array.data[5].y
      value: -5.74
      objectReference: {fileID: 0}
    - target: {fileID: 6892547152935614404, guid: 90219946e4752b743aee0a7a64921d2f,
        type: 3}
      propertyPath: m_Points.m_Paths.Array.data[0].Array.data[6].x
      value: 9.85
      objectReference: {fileID: 0}
    - target: {fileID: 6892547152935614404, guid: 90219946e4752b743aee0a7a64921d2f,
        type: 3}
      propertyPath: m_Points.m_Paths.Array.data[0].Array.data[6].y
      value: -18.33368
      objectReference: {fileID: 0}
    - target: {fileID: 6892547152935614404, guid: 90219946e4752b743aee0a7a64921d2f,
        type: 3}
      propertyPath: m_Points.m_Paths.Array.data[0].Array.data[7].x
      value: -9.85
      objectReference: {fileID: 0}
    - target: {fileID: 6892547152935614404, guid: 90219946e4752b743aee0a7a64921d2f,
        type: 3}
      propertyPath: m_Points.m_Paths.Array.data[0].Array.data[7].y
      value: -18.33368
      objectReference: {fileID: 0}
    - target: {fileID: 1144925329137042528, guid: 90219946e4752b743aee0a7a64921d2f,
        type: 3}
      propertyPath: m_LocalPosition.y
      value: -2
      objectReference: {fileID: 0}
    - target: {fileID: 3884536197982772550, guid: 90219946e4752b743aee0a7a64921d2f,
        type: 3}
      propertyPath: m_LocalPosition.y
      value: 26
      objectReference: {fileID: 0}
    - target: {fileID: 3884536197982772550, guid: 90219946e4752b743aee0a7a64921d2f,
        type: 3}
      propertyPath: m_LocalPosition.x
      value: -3.5
      objectReference: {fileID: 0}
    - target: {fileID: 3679584117606244012, guid: 90219946e4752b743aee0a7a64921d2f,
        type: 3}
      propertyPath: m_LocalPosition.y
      value: 26
      objectReference: {fileID: 0}
    - target: {fileID: 3679584117606244012, guid: 90219946e4752b743aee0a7a64921d2f,
        type: 3}
      propertyPath: m_LocalPosition.x
      value: 4
      objectReference: {fileID: 0}
    - target: {fileID: 4088022362260290344, guid: 90219946e4752b743aee0a7a64921d2f,
        type: 3}
      propertyPath: m_LocalPosition.y
      value: 14.5
      objectReference: {fileID: 0}
    - target: {fileID: 4088022362260290344, guid: 90219946e4752b743aee0a7a64921d2f,
        type: 3}
      propertyPath: m_LocalPosition.x
      value: 4
      objectReference: {fileID: 0}
    - target: {fileID: 2626055186929650877, guid: 90219946e4752b743aee0a7a64921d2f,
        type: 3}
      propertyPath: m_LocalPosition.y
      value: 4.5
      objectReference: {fileID: 0}
    - target: {fileID: 2626055186929650877, guid: 90219946e4752b743aee0a7a64921d2f,
        type: 3}
      propertyPath: m_LocalPosition.x
      value: -4
      objectReference: {fileID: 0}
    - target: {fileID: 1218308216238835727, guid: 90219946e4752b743aee0a7a64921d2f,
        type: 3}
      propertyPath: m_LocalPosition.y
      value: 0
      objectReference: {fileID: 0}
    - target: {fileID: 1218308216238835727, guid: 90219946e4752b743aee0a7a64921d2f,
        type: 3}
      propertyPath: m_LocalPosition.x
      value: 0
      objectReference: {fileID: 0}
    - target: {fileID: 3389398031968696776, guid: 90219946e4752b743aee0a7a64921d2f,
        type: 3}
      propertyPath: m_Points.m_Paths.Array.data[0].Array.size
      value: 4
      objectReference: {fileID: 0}
    - target: {fileID: 3389398031968696776, guid: 90219946e4752b743aee0a7a64921d2f,
        type: 3}
      propertyPath: m_Points.m_Paths.Array.data[0].Array.data[0].x
      value: 15.538418
      objectReference: {fileID: 0}
    - target: {fileID: 3389398031968696776, guid: 90219946e4752b743aee0a7a64921d2f,
        type: 3}
      propertyPath: m_Points.m_Paths.Array.data[0].Array.data[0].y
      value: 23.11783
      objectReference: {fileID: 0}
    - target: {fileID: 3389398031968696776, guid: 90219946e4752b743aee0a7a64921d2f,
        type: 3}
      propertyPath: m_Points.m_Paths.Array.data[0].Array.data[1].x
      value: -16.092337
      objectReference: {fileID: 0}
    - target: {fileID: 3389398031968696776, guid: 90219946e4752b743aee0a7a64921d2f,
        type: 3}
      propertyPath: m_Points.m_Paths.Array.data[0].Array.data[1].y
      value: 23.035181
      objectReference: {fileID: 0}
    - target: {fileID: 3389398031968696776, guid: 90219946e4752b743aee0a7a64921d2f,
        type: 3}
      propertyPath: m_Points.m_Paths.Array.data[0].Array.data[2].x
      value: -14.614234
      objectReference: {fileID: 0}
    - target: {fileID: 3389398031968696776, guid: 90219946e4752b743aee0a7a64921d2f,
        type: 3}
      propertyPath: m_Points.m_Paths.Array.data[0].Array.data[2].y
      value: -6.639334
      objectReference: {fileID: 0}
    - target: {fileID: 3389398031968696776, guid: 90219946e4752b743aee0a7a64921d2f,
        type: 3}
      propertyPath: m_Points.m_Paths.Array.data[0].Array.data[3].x
      value: 12.504255
      objectReference: {fileID: 0}
    - target: {fileID: 3389398031968696776, guid: 90219946e4752b743aee0a7a64921d2f,
        type: 3}
      propertyPath: m_Points.m_Paths.Array.data[0].Array.data[3].y
      value: -6.7895594
      objectReference: {fileID: 0}
    - target: {fileID: 3389398031968696776, guid: 90219946e4752b743aee0a7a64921d2f,
        type: 3}
      propertyPath: m_Points.m_Paths.Array.data[0].Array.data[4].x
      value: 12.504255
      objectReference: {fileID: 0}
    - target: {fileID: 3389398031968696776, guid: 90219946e4752b743aee0a7a64921d2f,
        type: 3}
      propertyPath: m_Points.m_Paths.Array.data[0].Array.data[4].y
      value: -6.7895594
      objectReference: {fileID: 0}
    - target: {fileID: 810134537136035609, guid: 90219946e4752b743aee0a7a64921d2f,
        type: 3}
      propertyPath: m_LocalPosition.x
      value: -10
      objectReference: {fileID: 0}
    - target: {fileID: 810134537136035609, guid: 90219946e4752b743aee0a7a64921d2f,
        type: 3}
      propertyPath: m_LocalPosition.y
      value: -6
      objectReference: {fileID: 0}
    - target: {fileID: 810134537136036151, guid: 90219946e4752b743aee0a7a64921d2f,
        type: 3}
      propertyPath: size.x
      value: 20
      objectReference: {fileID: 0}
    - target: {fileID: 810134537136036151, guid: 90219946e4752b743aee0a7a64921d2f,
        type: 3}
      propertyPath: size.y
      value: 30
      objectReference: {fileID: 0}
    - target: {fileID: 3481265914784007998, guid: 90219946e4752b743aee0a7a64921d2f,
        type: 3}
      propertyPath: m_Points.m_Paths.Array.data[0].Array.size
      value: 4
      objectReference: {fileID: 0}
    - target: {fileID: 3481265914784007998, guid: 90219946e4752b743aee0a7a64921d2f,
        type: 3}
      propertyPath: m_Points.m_Paths.Array.data[0].Array.data[0].x
      value: 13.269602
      objectReference: {fileID: 0}
    - target: {fileID: 3481265914784007998, guid: 90219946e4752b743aee0a7a64921d2f,
        type: 3}
      propertyPath: m_Points.m_Paths.Array.data[0].Array.data[0].y
      value: 26.170444
      objectReference: {fileID: 0}
    - target: {fileID: 3481265914784007998, guid: 90219946e4752b743aee0a7a64921d2f,
        type: 3}
      propertyPath: m_Points.m_Paths.Array.data[0].Array.data[1].y
      value: 27.401218
      objectReference: {fileID: 0}
    - target: {fileID: 3481265914784007998, guid: 90219946e4752b743aee0a7a64921d2f,
        type: 3}
      propertyPath: m_Points.m_Paths.Array.data[0].Array.data[1].x
      value: -12.224602
      objectReference: {fileID: 0}
    - target: {fileID: 3481265914784007998, guid: 90219946e4752b743aee0a7a64921d2f,
        type: 3}
      propertyPath: m_Points.m_Paths.Array.data[0].Array.data[3].x
      value: 13.738062
      objectReference: {fileID: 0}
    - target: {fileID: 3481265914784007998, guid: 90219946e4752b743aee0a7a64921d2f,
        type: 3}
      propertyPath: m_Points.m_Paths.Array.data[0].Array.data[3].y
      value: -10.004521
      objectReference: {fileID: 0}
    - target: {fileID: 3481265914784007998, guid: 90219946e4752b743aee0a7a64921d2f,
        type: 3}
      propertyPath: m_Points.m_Paths.Array.data[0].Array.data[4].x
      value: 9.623192
      objectReference: {fileID: 0}
    - target: {fileID: 3481265914784007998, guid: 90219946e4752b743aee0a7a64921d2f,
        type: 3}
      propertyPath: m_Points.m_Paths.Array.data[0].Array.data[4].y
      value: -6.6552076
      objectReference: {fileID: 0}
    - target: {fileID: 3481265914784007998, guid: 90219946e4752b743aee0a7a64921d2f,
        type: 3}
      propertyPath: m_Points.m_Paths.Array.data[0].Array.data[2].x
      value: -12.834581
      objectReference: {fileID: 0}
    - target: {fileID: 3481265914784007998, guid: 90219946e4752b743aee0a7a64921d2f,
        type: 3}
      propertyPath: m_Points.m_Paths.Array.data[0].Array.data[2].y
      value: -11.302158
      objectReference: {fileID: 0}
    - target: {fileID: 103994619638307688, guid: 90219946e4752b743aee0a7a64921d2f,
        type: 3}
      propertyPath: m_LocalPosition.y
      value: 5
      objectReference: {fileID: 0}
    - target: {fileID: 1218308215813212819, guid: 90219946e4752b743aee0a7a64921d2f,
        type: 3}
      propertyPath: m_LocalPosition.y
      value: 10
      objectReference: {fileID: 0}
    - target: {fileID: 2142441720056704253, guid: 90219946e4752b743aee0a7a64921d2f,
        type: 3}
      propertyPath: m_LocalPosition.y
      value: 15
      objectReference: {fileID: 0}
    - target: {fileID: 344047913095236657, guid: 90219946e4752b743aee0a7a64921d2f,
        type: 3}
      propertyPath: m_LocalPosition.y
      value: 0
      objectReference: {fileID: 0}
    - target: {fileID: 5295214762273462926, guid: 90219946e4752b743aee0a7a64921d2f,
        type: 3}
      propertyPath: m_LocalPosition.y
      value: 24
      objectReference: {fileID: 0}
    m_RemovedComponents: []
  m_SourcePrefab: {fileID: 100100000, guid: 90219946e4752b743aee0a7a64921d2f, type: 3}
--- !u!4 &489141997182490973 stripped
Transform:
  m_CorrespondingSourceObject: {fileID: 3638833973061439678, guid: 90219946e4752b743aee0a7a64921d2f,
    type: 3}
  m_PrefabInstance: {fileID: 3798351111316490723}
  m_PrefabAsset: {fileID: 0}
--- !u!1001 &3960086635970165335
PrefabInstance:
  m_ObjectHideFlags: 0
  serializedVersion: 2
  m_Modification:
    m_TransformParent: {fileID: 489141997182490973}
    m_Modifications:
    - target: {fileID: 9086937825826983719, guid: 6cee7cd29e9557740b7045ddd784f9fe,
        type: 3}
      propertyPath: m_LocalPosition.x
      value: 0
      objectReference: {fileID: 0}
    - target: {fileID: 9086937825826983719, guid: 6cee7cd29e9557740b7045ddd784f9fe,
        type: 3}
      propertyPath: m_LocalPosition.y
      value: 4.5
      objectReference: {fileID: 0}
    - target: {fileID: 9086937825826983719, guid: 6cee7cd29e9557740b7045ddd784f9fe,
        type: 3}
      propertyPath: m_LocalPosition.z
      value: 0
      objectReference: {fileID: 0}
    - target: {fileID: 9086937825826983719, guid: 6cee7cd29e9557740b7045ddd784f9fe,
        type: 3}
      propertyPath: m_LocalRotation.x
      value: 0
      objectReference: {fileID: 0}
    - target: {fileID: 9086937825826983719, guid: 6cee7cd29e9557740b7045ddd784f9fe,
        type: 3}
      propertyPath: m_LocalRotation.y
      value: 0
      objectReference: {fileID: 0}
    - target: {fileID: 9086937825826983719, guid: 6cee7cd29e9557740b7045ddd784f9fe,
        type: 3}
      propertyPath: m_LocalRotation.z
      value: 0
      objectReference: {fileID: 0}
    - target: {fileID: 9086937825826983719, guid: 6cee7cd29e9557740b7045ddd784f9fe,
        type: 3}
      propertyPath: m_LocalRotation.w
      value: 1
      objectReference: {fileID: 0}
    - target: {fileID: 9086937825826983719, guid: 6cee7cd29e9557740b7045ddd784f9fe,
        type: 3}
      propertyPath: m_RootOrder
      value: 3
      objectReference: {fileID: 0}
    - target: {fileID: 9086937825826983719, guid: 6cee7cd29e9557740b7045ddd784f9fe,
        type: 3}
      propertyPath: m_LocalEulerAnglesHint.x
      value: 0
      objectReference: {fileID: 0}
    - target: {fileID: 9086937825826983719, guid: 6cee7cd29e9557740b7045ddd784f9fe,
        type: 3}
      propertyPath: m_LocalEulerAnglesHint.y
      value: 0
      objectReference: {fileID: 0}
    - target: {fileID: 9086937825826983719, guid: 6cee7cd29e9557740b7045ddd784f9fe,
        type: 3}
      propertyPath: m_LocalEulerAnglesHint.z
      value: 0
      objectReference: {fileID: 0}
    - target: {fileID: 1146210271812378117, guid: 6cee7cd29e9557740b7045ddd784f9fe,
        type: 3}
      propertyPath: m_LocalPosition.x
      value: 5
      objectReference: {fileID: 0}
    - target: {fileID: 9086937825827214085, guid: 6cee7cd29e9557740b7045ddd784f9fe,
        type: 3}
      propertyPath: m_Name
      value: MovingHostilePlatform
      objectReference: {fileID: 0}
    - target: {fileID: 8391211018904862895, guid: 6cee7cd29e9557740b7045ddd784f9fe,
        type: 3}
      propertyPath: m_LocalPosition.x
      value: -5
      objectReference: {fileID: 0}
    - target: {fileID: 761637184867318112, guid: 6cee7cd29e9557740b7045ddd784f9fe,
        type: 3}
      propertyPath: m_Size.y
      value: 4
      objectReference: {fileID: 0}
    - target: {fileID: 761637184867318112, guid: 6cee7cd29e9557740b7045ddd784f9fe,
        type: 3}
      propertyPath: m_Size.x
      value: 1
      objectReference: {fileID: 0}
    - target: {fileID: 2721365010143538611, guid: 6cee7cd29e9557740b7045ddd784f9fe,
        type: 3}
      propertyPath: m_SpriteTilingProperty.newSize.x
      value: 1
      objectReference: {fileID: 0}
    - target: {fileID: 2721365010143538611, guid: 6cee7cd29e9557740b7045ddd784f9fe,
        type: 3}
      propertyPath: m_SpriteTilingProperty.newSize.y
      value: 4
      objectReference: {fileID: 0}
    m_RemovedComponents: []
  m_SourcePrefab: {fileID: 100100000, guid: 6cee7cd29e9557740b7045ddd784f9fe, type: 3}
--- !u!1001 &4081529701522632250
PrefabInstance:
  m_ObjectHideFlags: 0
  serializedVersion: 2
  m_Modification:
    m_TransformParent: {fileID: 489141997182490973}
    m_Modifications:
    - target: {fileID: 3310589692164440833, guid: 3c6626b34d9d203428da900e90dbbfb7,
        type: 3}
      propertyPath: m_LocalPosition.x
      value: 16
      objectReference: {fileID: 0}
    - target: {fileID: 3310589692164440833, guid: 3c6626b34d9d203428da900e90dbbfb7,
        type: 3}
      propertyPath: m_LocalPosition.y
      value: 21.25
      objectReference: {fileID: 0}
    - target: {fileID: 3310589692164440833, guid: 3c6626b34d9d203428da900e90dbbfb7,
        type: 3}
      propertyPath: m_LocalPosition.z
      value: 0
      objectReference: {fileID: 0}
    - target: {fileID: 3310589692164440833, guid: 3c6626b34d9d203428da900e90dbbfb7,
        type: 3}
      propertyPath: m_LocalRotation.x
      value: 0
      objectReference: {fileID: 0}
    - target: {fileID: 3310589692164440833, guid: 3c6626b34d9d203428da900e90dbbfb7,
        type: 3}
      propertyPath: m_LocalRotation.y
      value: 0
      objectReference: {fileID: 0}
    - target: {fileID: 3310589692164440833, guid: 3c6626b34d9d203428da900e90dbbfb7,
        type: 3}
      propertyPath: m_LocalRotation.z
      value: 0
      objectReference: {fileID: 0}
    - target: {fileID: 3310589692164440833, guid: 3c6626b34d9d203428da900e90dbbfb7,
        type: 3}
      propertyPath: m_LocalRotation.w
      value: 1
      objectReference: {fileID: 0}
    - target: {fileID: 3310589692164440833, guid: 3c6626b34d9d203428da900e90dbbfb7,
        type: 3}
      propertyPath: m_RootOrder
      value: 7
      objectReference: {fileID: 0}
    - target: {fileID: 3310589692164440833, guid: 3c6626b34d9d203428da900e90dbbfb7,
        type: 3}
      propertyPath: m_LocalEulerAnglesHint.x
      value: 0
      objectReference: {fileID: 0}
    - target: {fileID: 3310589692164440833, guid: 3c6626b34d9d203428da900e90dbbfb7,
        type: 3}
      propertyPath: m_LocalEulerAnglesHint.y
      value: 0
      objectReference: {fileID: 0}
    - target: {fileID: 3310589692164440833, guid: 3c6626b34d9d203428da900e90dbbfb7,
        type: 3}
      propertyPath: m_LocalEulerAnglesHint.z
      value: 0
      objectReference: {fileID: 0}
    - target: {fileID: 8072444317254863660, guid: 3c6626b34d9d203428da900e90dbbfb7,
        type: 3}
      propertyPath: m_Name
      value: OneWayPlatform (4)
      objectReference: {fileID: 0}
    - target: {fileID: 520140857393485394, guid: 3c6626b34d9d203428da900e90dbbfb7,
        type: 3}
      propertyPath: m_SpriteTilingProperty.newSize.x
      value: 6.5
      objectReference: {fileID: 0}
    - target: {fileID: 2909944038724321921, guid: 3c6626b34d9d203428da900e90dbbfb7,
        type: 3}
      propertyPath: m_Size.x
      value: 6.5
      objectReference: {fileID: 0}
    m_RemovedComponents: []
  m_SourcePrefab: {fileID: 100100000, guid: 3c6626b34d9d203428da900e90dbbfb7, type: 3}
--- !u!1001 &4082648803012491112
PrefabInstance:
  m_ObjectHideFlags: 0
  serializedVersion: 2
  m_Modification:
    m_TransformParent: {fileID: 489141997182490973}
    m_Modifications:
    - target: {fileID: 3310589692164440833, guid: 3c6626b34d9d203428da900e90dbbfb7,
        type: 3}
      propertyPath: m_LocalPosition.x
      value: 0
      objectReference: {fileID: 0}
    - target: {fileID: 3310589692164440833, guid: 3c6626b34d9d203428da900e90dbbfb7,
        type: 3}
      propertyPath: m_LocalPosition.y
      value: 21
      objectReference: {fileID: 0}
    - target: {fileID: 3310589692164440833, guid: 3c6626b34d9d203428da900e90dbbfb7,
        type: 3}
      propertyPath: m_LocalPosition.z
      value: 0
      objectReference: {fileID: 0}
    - target: {fileID: 3310589692164440833, guid: 3c6626b34d9d203428da900e90dbbfb7,
        type: 3}
      propertyPath: m_LocalRotation.x
      value: 0
      objectReference: {fileID: 0}
    - target: {fileID: 3310589692164440833, guid: 3c6626b34d9d203428da900e90dbbfb7,
        type: 3}
      propertyPath: m_LocalRotation.y
      value: 0
      objectReference: {fileID: 0}
    - target: {fileID: 3310589692164440833, guid: 3c6626b34d9d203428da900e90dbbfb7,
        type: 3}
      propertyPath: m_LocalRotation.z
      value: 0
      objectReference: {fileID: 0}
    - target: {fileID: 3310589692164440833, guid: 3c6626b34d9d203428da900e90dbbfb7,
        type: 3}
      propertyPath: m_LocalRotation.w
      value: 1
      objectReference: {fileID: 0}
    - target: {fileID: 3310589692164440833, guid: 3c6626b34d9d203428da900e90dbbfb7,
        type: 3}
      propertyPath: m_RootOrder
      value: 11
      objectReference: {fileID: 0}
    - target: {fileID: 3310589692164440833, guid: 3c6626b34d9d203428da900e90dbbfb7,
        type: 3}
      propertyPath: m_LocalEulerAnglesHint.x
      value: 0
      objectReference: {fileID: 0}
    - target: {fileID: 3310589692164440833, guid: 3c6626b34d9d203428da900e90dbbfb7,
        type: 3}
      propertyPath: m_LocalEulerAnglesHint.y
      value: 0
      objectReference: {fileID: 0}
    - target: {fileID: 3310589692164440833, guid: 3c6626b34d9d203428da900e90dbbfb7,
        type: 3}
      propertyPath: m_LocalEulerAnglesHint.z
      value: 0
      objectReference: {fileID: 0}
    - target: {fileID: 8072444317254863660, guid: 3c6626b34d9d203428da900e90dbbfb7,
        type: 3}
      propertyPath: m_Name
      value: OneWayPlatform (8)
      objectReference: {fileID: 0}
    - target: {fileID: 520140857393485394, guid: 3c6626b34d9d203428da900e90dbbfb7,
        type: 3}
      propertyPath: m_SpriteTilingProperty.newSize.x
      value: 12
      objectReference: {fileID: 0}
    - target: {fileID: 2909944038724321921, guid: 3c6626b34d9d203428da900e90dbbfb7,
        type: 3}
      propertyPath: m_Size.x
      value: 12
      objectReference: {fileID: 0}
    m_RemovedComponents: []
  m_SourcePrefab: {fileID: 100100000, guid: 3c6626b34d9d203428da900e90dbbfb7, type: 3}
--- !u!1001 &4825387125261932794
PrefabInstance:
  m_ObjectHideFlags: 0
  serializedVersion: 2
  m_Modification:
    m_TransformParent: {fileID: 489141997182490973}
    m_Modifications:
    - target: {fileID: 9086937825826983719, guid: 6cee7cd29e9557740b7045ddd784f9fe,
        type: 3}
      propertyPath: m_LocalPosition.x
      value: 0
      objectReference: {fileID: 0}
    - target: {fileID: 9086937825826983719, guid: 6cee7cd29e9557740b7045ddd784f9fe,
        type: 3}
      propertyPath: m_LocalPosition.y
      value: 14.5
      objectReference: {fileID: 0}
    - target: {fileID: 9086937825826983719, guid: 6cee7cd29e9557740b7045ddd784f9fe,
        type: 3}
      propertyPath: m_LocalPosition.z
      value: 0
      objectReference: {fileID: 0}
    - target: {fileID: 9086937825826983719, guid: 6cee7cd29e9557740b7045ddd784f9fe,
        type: 3}
      propertyPath: m_LocalRotation.x
      value: 0
      objectReference: {fileID: 0}
    - target: {fileID: 9086937825826983719, guid: 6cee7cd29e9557740b7045ddd784f9fe,
        type: 3}
      propertyPath: m_LocalRotation.y
      value: 0
      objectReference: {fileID: 0}
    - target: {fileID: 9086937825826983719, guid: 6cee7cd29e9557740b7045ddd784f9fe,
        type: 3}
      propertyPath: m_LocalRotation.z
      value: 0
      objectReference: {fileID: 0}
    - target: {fileID: 9086937825826983719, guid: 6cee7cd29e9557740b7045ddd784f9fe,
        type: 3}
      propertyPath: m_LocalRotation.w
      value: 1
      objectReference: {fileID: 0}
    - target: {fileID: 9086937825826983719, guid: 6cee7cd29e9557740b7045ddd784f9fe,
        type: 3}
      propertyPath: m_RootOrder
      value: 12
      objectReference: {fileID: 0}
    - target: {fileID: 9086937825826983719, guid: 6cee7cd29e9557740b7045ddd784f9fe,
        type: 3}
      propertyPath: m_LocalEulerAnglesHint.x
      value: 0
      objectReference: {fileID: 0}
    - target: {fileID: 9086937825826983719, guid: 6cee7cd29e9557740b7045ddd784f9fe,
        type: 3}
      propertyPath: m_LocalEulerAnglesHint.y
      value: 0
      objectReference: {fileID: 0}
    - target: {fileID: 9086937825826983719, guid: 6cee7cd29e9557740b7045ddd784f9fe,
        type: 3}
      propertyPath: m_LocalEulerAnglesHint.z
      value: 0
      objectReference: {fileID: 0}
    - target: {fileID: 1146210271812378117, guid: 6cee7cd29e9557740b7045ddd784f9fe,
        type: 3}
      propertyPath: m_LocalPosition.x
      value: 5
      objectReference: {fileID: 0}
    - target: {fileID: 9086937825827214085, guid: 6cee7cd29e9557740b7045ddd784f9fe,
        type: 3}
      propertyPath: m_Name
      value: MovingHostilePlatform (1)
      objectReference: {fileID: 0}
    - target: {fileID: 8391211018904862895, guid: 6cee7cd29e9557740b7045ddd784f9fe,
        type: 3}
      propertyPath: m_LocalPosition.x
      value: -5
      objectReference: {fileID: 0}
    - target: {fileID: 8731931171014617731, guid: 6cee7cd29e9557740b7045ddd784f9fe,
        type: 3}
      propertyPath: startOffset
      value: 0.5
      objectReference: {fileID: 0}
    - target: {fileID: 761637184867318112, guid: 6cee7cd29e9557740b7045ddd784f9fe,
        type: 3}
      propertyPath: m_Size.y
      value: 4
      objectReference: {fileID: 0}
    - target: {fileID: 761637184867318112, guid: 6cee7cd29e9557740b7045ddd784f9fe,
        type: 3}
      propertyPath: m_Size.x
      value: 1
      objectReference: {fileID: 0}
    - target: {fileID: 2721365010143538611, guid: 6cee7cd29e9557740b7045ddd784f9fe,
        type: 3}
      propertyPath: m_SpriteTilingProperty.newSize.x
      value: 1
      objectReference: {fileID: 0}
    - target: {fileID: 2721365010143538611, guid: 6cee7cd29e9557740b7045ddd784f9fe,
        type: 3}
      propertyPath: m_SpriteTilingProperty.newSize.y
      value: 4
      objectReference: {fileID: 0}
    m_RemovedComponents: []
  m_SourcePrefab: {fileID: 100100000, guid: 6cee7cd29e9557740b7045ddd784f9fe, type: 3}
--- !u!1001 &5434671671104311736
PrefabInstance:
  m_ObjectHideFlags: 0
  serializedVersion: 2
  m_Modification:
    m_TransformParent: {fileID: 489141997182490973}
    m_Modifications:
    - target: {fileID: 8428890086254220743, guid: c79f03984c6e48f4d8cd688024f62f7f,
        type: 3}
      propertyPath: m_LocalPosition.x
      value: 10.062
      objectReference: {fileID: 0}
    - target: {fileID: 8428890086254220743, guid: c79f03984c6e48f4d8cd688024f62f7f,
        type: 3}
      propertyPath: m_LocalPosition.y
      value: 11
      objectReference: {fileID: 0}
    - target: {fileID: 8428890086254220743, guid: c79f03984c6e48f4d8cd688024f62f7f,
        type: 3}
      propertyPath: m_LocalPosition.z
      value: 0
      objectReference: {fileID: 0}
    - target: {fileID: 8428890086254220743, guid: c79f03984c6e48f4d8cd688024f62f7f,
        type: 3}
      propertyPath: m_LocalRotation.x
      value: -0
      objectReference: {fileID: 0}
    - target: {fileID: 8428890086254220743, guid: c79f03984c6e48f4d8cd688024f62f7f,
        type: 3}
      propertyPath: m_LocalRotation.y
      value: -0
      objectReference: {fileID: 0}
    - target: {fileID: 8428890086254220743, guid: c79f03984c6e48f4d8cd688024f62f7f,
        type: 3}
      propertyPath: m_LocalRotation.z
      value: -0
      objectReference: {fileID: 0}
    - target: {fileID: 8428890086254220743, guid: c79f03984c6e48f4d8cd688024f62f7f,
        type: 3}
      propertyPath: m_LocalRotation.w
      value: 1
      objectReference: {fileID: 0}
    - target: {fileID: 8428890086254220743, guid: c79f03984c6e48f4d8cd688024f62f7f,
        type: 3}
      propertyPath: m_RootOrder
      value: 1
      objectReference: {fileID: 0}
    - target: {fileID: 8428890086254220743, guid: c79f03984c6e48f4d8cd688024f62f7f,
        type: 3}
      propertyPath: m_LocalEulerAnglesHint.x
      value: 0
      objectReference: {fileID: 0}
    - target: {fileID: 8428890086254220743, guid: c79f03984c6e48f4d8cd688024f62f7f,
        type: 3}
      propertyPath: m_LocalEulerAnglesHint.y
      value: 0
      objectReference: {fileID: 0}
    - target: {fileID: 8428890086254220743, guid: c79f03984c6e48f4d8cd688024f62f7f,
        type: 3}
      propertyPath: m_LocalEulerAnglesHint.z
      value: 0
      objectReference: {fileID: 0}
    - target: {fileID: 2958839111431904746, guid: c79f03984c6e48f4d8cd688024f62f7f,
        type: 3}
      propertyPath: m_Name
      value: RightWall
      objectReference: {fileID: 0}
    - target: {fileID: 6791169244725608596, guid: c79f03984c6e48f4d8cd688024f62f7f,
        type: 3}
      propertyPath: m_SpriteTilingProperty.newSize.x
      value: 8.1244545
      objectReference: {fileID: 0}
    - target: {fileID: 6791169244725608596, guid: c79f03984c6e48f4d8cd688024f62f7f,
        type: 3}
      propertyPath: m_SpriteTilingProperty.newSize.y
      value: 35
      objectReference: {fileID: 0}
    - target: {fileID: 8172572654677218375, guid: c79f03984c6e48f4d8cd688024f62f7f,
        type: 3}
      propertyPath: m_Size.x
      value: 8.1244545
      objectReference: {fileID: 0}
    - target: {fileID: 8172572654677218375, guid: c79f03984c6e48f4d8cd688024f62f7f,
        type: 3}
      propertyPath: m_Size.y
      value: 35
      objectReference: {fileID: 0}
    m_RemovedComponents: []
  m_SourcePrefab: {fileID: 100100000, guid: c79f03984c6e48f4d8cd688024f62f7f, type: 3}
--- !u!1001 &6808887074262243426
PrefabInstance:
  m_ObjectHideFlags: 0
  serializedVersion: 2
  m_Modification:
    m_TransformParent: {fileID: 489141997182490973}
    m_Modifications:
    - target: {fileID: 9086937825826983719, guid: 6cee7cd29e9557740b7045ddd784f9fe,
        type: 3}
      propertyPath: m_LocalPosition.x
      value: 0
      objectReference: {fileID: 0}
    - target: {fileID: 9086937825826983719, guid: 6cee7cd29e9557740b7045ddd784f9fe,
        type: 3}
      propertyPath: m_LocalPosition.y
      value: 22.5
      objectReference: {fileID: 0}
    - target: {fileID: 9086937825826983719, guid: 6cee7cd29e9557740b7045ddd784f9fe,
        type: 3}
      propertyPath: m_LocalPosition.z
      value: 0
      objectReference: {fileID: 0}
    - target: {fileID: 9086937825826983719, guid: 6cee7cd29e9557740b7045ddd784f9fe,
        type: 3}
      propertyPath: m_LocalRotation.x
      value: 0
      objectReference: {fileID: 0}
    - target: {fileID: 9086937825826983719, guid: 6cee7cd29e9557740b7045ddd784f9fe,
        type: 3}
      propertyPath: m_LocalRotation.y
      value: 0
      objectReference: {fileID: 0}
    - target: {fileID: 9086937825826983719, guid: 6cee7cd29e9557740b7045ddd784f9fe,
        type: 3}
      propertyPath: m_LocalRotation.z
      value: 0
      objectReference: {fileID: 0}
    - target: {fileID: 9086937825826983719, guid: 6cee7cd29e9557740b7045ddd784f9fe,
        type: 3}
      propertyPath: m_LocalRotation.w
      value: 1
      objectReference: {fileID: 0}
    - target: {fileID: 9086937825826983719, guid: 6cee7cd29e9557740b7045ddd784f9fe,
        type: 3}
      propertyPath: m_RootOrder
      value: 13
      objectReference: {fileID: 0}
    - target: {fileID: 9086937825826983719, guid: 6cee7cd29e9557740b7045ddd784f9fe,
        type: 3}
      propertyPath: m_LocalEulerAnglesHint.x
      value: 0
      objectReference: {fileID: 0}
    - target: {fileID: 9086937825826983719, guid: 6cee7cd29e9557740b7045ddd784f9fe,
        type: 3}
      propertyPath: m_LocalEulerAnglesHint.y
      value: 0
      objectReference: {fileID: 0}
    - target: {fileID: 9086937825826983719, guid: 6cee7cd29e9557740b7045ddd784f9fe,
        type: 3}
      propertyPath: m_LocalEulerAnglesHint.z
      value: 0
      objectReference: {fileID: 0}
    - target: {fileID: 1146210271812378117, guid: 6cee7cd29e9557740b7045ddd784f9fe,
        type: 3}
      propertyPath: m_LocalPosition.x
      value: 5
      objectReference: {fileID: 0}
    - target: {fileID: 9086937825827214085, guid: 6cee7cd29e9557740b7045ddd784f9fe,
        type: 3}
      propertyPath: m_Name
      value: MovingHostilePlatform (2)
      objectReference: {fileID: 0}
    - target: {fileID: 8391211018904862895, guid: 6cee7cd29e9557740b7045ddd784f9fe,
        type: 3}
      propertyPath: m_LocalPosition.x
      value: -5
      objectReference: {fileID: 0}
    - target: {fileID: 8731931171014617731, guid: 6cee7cd29e9557740b7045ddd784f9fe,
        type: 3}
      propertyPath: startOffset
      value: 0.5
      objectReference: {fileID: 0}
    - target: {fileID: 761637184867318112, guid: 6cee7cd29e9557740b7045ddd784f9fe,
        type: 3}
      propertyPath: m_Size.y
      value: 1.5
      objectReference: {fileID: 0}
    - target: {fileID: 761637184867318112, guid: 6cee7cd29e9557740b7045ddd784f9fe,
        type: 3}
      propertyPath: m_Size.x
      value: 1
      objectReference: {fileID: 0}
    - target: {fileID: 2721365010143538611, guid: 6cee7cd29e9557740b7045ddd784f9fe,
        type: 3}
      propertyPath: m_SpriteTilingProperty.newSize.x
      value: 1
      objectReference: {fileID: 0}
    - target: {fileID: 2721365010143538611, guid: 6cee7cd29e9557740b7045ddd784f9fe,
        type: 3}
      propertyPath: m_SpriteTilingProperty.newSize.y
      value: 1.5
      objectReference: {fileID: 0}
    m_RemovedComponents: []
  m_SourcePrefab: {fileID: 100100000, guid: 6cee7cd29e9557740b7045ddd784f9fe, type: 3}
--- !u!1001 &7326475412264289324
PrefabInstance:
  m_ObjectHideFlags: 0
  serializedVersion: 2
  m_Modification:
    m_TransformParent: {fileID: 489141997182490973}
    m_Modifications:
    - target: {fileID: 3310589692164440833, guid: 3c6626b34d9d203428da900e90dbbfb7,
        type: 3}
      propertyPath: m_LocalPosition.x
      value: 0
      objectReference: {fileID: 0}
    - target: {fileID: 3310589692164440833, guid: 3c6626b34d9d203428da900e90dbbfb7,
        type: 3}
      propertyPath: m_LocalPosition.y
      value: 12
      objectReference: {fileID: 0}
    - target: {fileID: 3310589692164440833, guid: 3c6626b34d9d203428da900e90dbbfb7,
        type: 3}
      propertyPath: m_LocalPosition.z
      value: 0
      objectReference: {fileID: 0}
    - target: {fileID: 3310589692164440833, guid: 3c6626b34d9d203428da900e90dbbfb7,
        type: 3}
      propertyPath: m_LocalRotation.x
      value: 0
      objectReference: {fileID: 0}
    - target: {fileID: 3310589692164440833, guid: 3c6626b34d9d203428da900e90dbbfb7,
        type: 3}
      propertyPath: m_LocalRotation.y
      value: 0
      objectReference: {fileID: 0}
    - target: {fileID: 3310589692164440833, guid: 3c6626b34d9d203428da900e90dbbfb7,
        type: 3}
      propertyPath: m_LocalRotation.z
      value: 0
      objectReference: {fileID: 0}
    - target: {fileID: 3310589692164440833, guid: 3c6626b34d9d203428da900e90dbbfb7,
        type: 3}
      propertyPath: m_LocalRotation.w
      value: 1
      objectReference: {fileID: 0}
    - target: {fileID: 3310589692164440833, guid: 3c6626b34d9d203428da900e90dbbfb7,
        type: 3}
      propertyPath: m_RootOrder
      value: 9
      objectReference: {fileID: 0}
    - target: {fileID: 3310589692164440833, guid: 3c6626b34d9d203428da900e90dbbfb7,
        type: 3}
      propertyPath: m_LocalEulerAnglesHint.x
      value: 0
      objectReference: {fileID: 0}
    - target: {fileID: 3310589692164440833, guid: 3c6626b34d9d203428da900e90dbbfb7,
        type: 3}
      propertyPath: m_LocalEulerAnglesHint.y
      value: 0
      objectReference: {fileID: 0}
    - target: {fileID: 3310589692164440833, guid: 3c6626b34d9d203428da900e90dbbfb7,
        type: 3}
      propertyPath: m_LocalEulerAnglesHint.z
      value: 0
      objectReference: {fileID: 0}
    - target: {fileID: 8072444317254863660, guid: 3c6626b34d9d203428da900e90dbbfb7,
        type: 3}
      propertyPath: m_Name
      value: OneWayPlatform (6)
      objectReference: {fileID: 0}
    - target: {fileID: 520140857393485394, guid: 3c6626b34d9d203428da900e90dbbfb7,
        type: 3}
      propertyPath: m_SpriteTilingProperty.newSize.x
      value: 12
      objectReference: {fileID: 0}
    - target: {fileID: 2909944038724321921, guid: 3c6626b34d9d203428da900e90dbbfb7,
        type: 3}
      propertyPath: m_Size.x
      value: 12
      objectReference: {fileID: 0}
    m_RemovedComponents: []
  m_SourcePrefab: {fileID: 100100000, guid: 3c6626b34d9d203428da900e90dbbfb7, type: 3}
--- !u!1001 &7593477711712939360
PrefabInstance:
  m_ObjectHideFlags: 0
  serializedVersion: 2
  m_Modification:
    m_TransformParent: {fileID: 489141997182490973}
    m_Modifications:
    - target: {fileID: 1179236969741291034, guid: 67e6d73c3b25bff4db8165561129766b,
        type: 3}
      propertyPath: m_LocalPosition.x
      value: 19.5
      objectReference: {fileID: 0}
    - target: {fileID: 1179236969741291034, guid: 67e6d73c3b25bff4db8165561129766b,
        type: 3}
      propertyPath: m_LocalPosition.y
      value: 17
      objectReference: {fileID: 0}
    - target: {fileID: 1179236969741291034, guid: 67e6d73c3b25bff4db8165561129766b,
        type: 3}
      propertyPath: m_LocalPosition.z
      value: 0
      objectReference: {fileID: 0}
    - target: {fileID: 1179236969741291034, guid: 67e6d73c3b25bff4db8165561129766b,
        type: 3}
      propertyPath: m_LocalRotation.x
      value: 0
      objectReference: {fileID: 0}
    - target: {fileID: 1179236969741291034, guid: 67e6d73c3b25bff4db8165561129766b,
        type: 3}
      propertyPath: m_LocalRotation.y
      value: 0
      objectReference: {fileID: 0}
    - target: {fileID: 1179236969741291034, guid: 67e6d73c3b25bff4db8165561129766b,
        type: 3}
      propertyPath: m_LocalRotation.z
      value: 0
      objectReference: {fileID: 0}
    - target: {fileID: 1179236969741291034, guid: 67e6d73c3b25bff4db8165561129766b,
        type: 3}
      propertyPath: m_LocalRotation.w
      value: 1
      objectReference: {fileID: 0}
    - target: {fileID: 1179236969741291034, guid: 67e6d73c3b25bff4db8165561129766b,
        type: 3}
      propertyPath: m_RootOrder
      value: 6
      objectReference: {fileID: 0}
    - target: {fileID: 1179236969741291034, guid: 67e6d73c3b25bff4db8165561129766b,
        type: 3}
      propertyPath: m_LocalEulerAnglesHint.x
      value: 0
      objectReference: {fileID: 0}
    - target: {fileID: 1179236969741291034, guid: 67e6d73c3b25bff4db8165561129766b,
        type: 3}
      propertyPath: m_LocalEulerAnglesHint.y
      value: 0
      objectReference: {fileID: 0}
    - target: {fileID: 1179236969741291034, guid: 67e6d73c3b25bff4db8165561129766b,
        type: 3}
      propertyPath: m_LocalEulerAnglesHint.z
      value: 0
      objectReference: {fileID: 0}
    - target: {fileID: 5596843319308109367, guid: 67e6d73c3b25bff4db8165561129766b,
        type: 3}
      propertyPath: m_Name
      value: Hostile Platform (1)
      objectReference: {fileID: 0}
    - target: {fileID: 1571435907294547866, guid: 67e6d73c3b25bff4db8165561129766b,
        type: 3}
      propertyPath: m_Size.x
      value: 0.5
      objectReference: {fileID: 0}
    - target: {fileID: 1571435907294547866, guid: 67e6d73c3b25bff4db8165561129766b,
        type: 3}
      propertyPath: m_Size.y
      value: 10
      objectReference: {fileID: 0}
    - target: {fileID: 4222977136570604361, guid: 67e6d73c3b25bff4db8165561129766b,
        type: 3}
      propertyPath: m_SpriteTilingProperty.newSize.x
      value: 0.5
      objectReference: {fileID: 0}
    - target: {fileID: 4222977136570604361, guid: 67e6d73c3b25bff4db8165561129766b,
        type: 3}
      propertyPath: m_SpriteTilingProperty.newSize.y
      value: 10
      objectReference: {fileID: 0}
    m_RemovedComponents: []
  m_SourcePrefab: {fileID: 100100000, guid: 67e6d73c3b25bff4db8165561129766b, type: 3}
--- !u!1001 &7668052679537368119
PrefabInstance:
  m_ObjectHideFlags: 0
  serializedVersion: 2
  m_Modification:
    m_TransformParent: {fileID: 489141997182490973}
    m_Modifications:
    - target: {fileID: 9086937825826983719, guid: 6cee7cd29e9557740b7045ddd784f9fe,
        type: 3}
      propertyPath: m_LocalPosition.x
      value: 0
      objectReference: {fileID: 0}
    - target: {fileID: 9086937825826983719, guid: 6cee7cd29e9557740b7045ddd784f9fe,
        type: 3}
      propertyPath: m_LocalPosition.y
      value: 24
      objectReference: {fileID: 0}
    - target: {fileID: 9086937825826983719, guid: 6cee7cd29e9557740b7045ddd784f9fe,
        type: 3}
      propertyPath: m_LocalPosition.z
      value: 0
      objectReference: {fileID: 0}
    - target: {fileID: 9086937825826983719, guid: 6cee7cd29e9557740b7045ddd784f9fe,
        type: 3}
      propertyPath: m_LocalRotation.x
      value: 0
      objectReference: {fileID: 0}
    - target: {fileID: 9086937825826983719, guid: 6cee7cd29e9557740b7045ddd784f9fe,
        type: 3}
      propertyPath: m_LocalRotation.y
      value: 0
      objectReference: {fileID: 0}
    - target: {fileID: 9086937825826983719, guid: 6cee7cd29e9557740b7045ddd784f9fe,
        type: 3}
      propertyPath: m_LocalRotation.z
      value: 0
      objectReference: {fileID: 0}
    - target: {fileID: 9086937825826983719, guid: 6cee7cd29e9557740b7045ddd784f9fe,
        type: 3}
      propertyPath: m_LocalRotation.w
      value: 1
      objectReference: {fileID: 0}
    - target: {fileID: 9086937825826983719, guid: 6cee7cd29e9557740b7045ddd784f9fe,
        type: 3}
      propertyPath: m_RootOrder
      value: 14
      objectReference: {fileID: 0}
    - target: {fileID: 9086937825826983719, guid: 6cee7cd29e9557740b7045ddd784f9fe,
        type: 3}
      propertyPath: m_LocalEulerAnglesHint.x
      value: 0
      objectReference: {fileID: 0}
    - target: {fileID: 9086937825826983719, guid: 6cee7cd29e9557740b7045ddd784f9fe,
        type: 3}
      propertyPath: m_LocalEulerAnglesHint.y
      value: 0
      objectReference: {fileID: 0}
    - target: {fileID: 9086937825826983719, guid: 6cee7cd29e9557740b7045ddd784f9fe,
        type: 3}
      propertyPath: m_LocalEulerAnglesHint.z
      value: 0
      objectReference: {fileID: 0}
    - target: {fileID: 1146210271812378117, guid: 6cee7cd29e9557740b7045ddd784f9fe,
        type: 3}
      propertyPath: m_LocalPosition.x
      value: 5
      objectReference: {fileID: 0}
    - target: {fileID: 9086937825827214085, guid: 6cee7cd29e9557740b7045ddd784f9fe,
        type: 3}
      propertyPath: m_Name
      value: MovingHostilePlatform (3)
      objectReference: {fileID: 0}
    - target: {fileID: 8391211018904862895, guid: 6cee7cd29e9557740b7045ddd784f9fe,
        type: 3}
      propertyPath: m_LocalPosition.x
      value: -5
      objectReference: {fileID: 0}
    - target: {fileID: 8731931171014617731, guid: 6cee7cd29e9557740b7045ddd784f9fe,
        type: 3}
      propertyPath: startOffset
      value: 0
      objectReference: {fileID: 0}
    - target: {fileID: 761637184867318112, guid: 6cee7cd29e9557740b7045ddd784f9fe,
        type: 3}
      propertyPath: m_Size.y
      value: 1.5
      objectReference: {fileID: 0}
    - target: {fileID: 761637184867318112, guid: 6cee7cd29e9557740b7045ddd784f9fe,
        type: 3}
      propertyPath: m_Size.x
      value: 1
      objectReference: {fileID: 0}
    - target: {fileID: 2721365010143538611, guid: 6cee7cd29e9557740b7045ddd784f9fe,
        type: 3}
      propertyPath: m_SpriteTilingProperty.newSize.x
      value: 1
      objectReference: {fileID: 0}
    - target: {fileID: 2721365010143538611, guid: 6cee7cd29e9557740b7045ddd784f9fe,
        type: 3}
      propertyPath: m_SpriteTilingProperty.newSize.y
      value: 1.5
      objectReference: {fileID: 0}
    m_RemovedComponents: []
  m_SourcePrefab: {fileID: 100100000, guid: 6cee7cd29e9557740b7045ddd784f9fe, type: 3}
--- !u!1001 &7828691333744059414
PrefabInstance:
  m_ObjectHideFlags: 0
  serializedVersion: 2
  m_Modification:
    m_TransformParent: {fileID: 489141997182490973}
    m_Modifications:
    - target: {fileID: 3310589692164440833, guid: 3c6626b34d9d203428da900e90dbbfb7,
        type: 3}
      propertyPath: m_LocalPosition.x
      value: 0
      objectReference: {fileID: 0}
    - target: {fileID: 3310589692164440833, guid: 3c6626b34d9d203428da900e90dbbfb7,
        type: 3}
      propertyPath: m_LocalPosition.y
      value: 17
      objectReference: {fileID: 0}
    - target: {fileID: 3310589692164440833, guid: 3c6626b34d9d203428da900e90dbbfb7,
        type: 3}
      propertyPath: m_LocalPosition.z
      value: 0
      objectReference: {fileID: 0}
    - target: {fileID: 3310589692164440833, guid: 3c6626b34d9d203428da900e90dbbfb7,
        type: 3}
      propertyPath: m_LocalRotation.x
      value: 0
      objectReference: {fileID: 0}
    - target: {fileID: 3310589692164440833, guid: 3c6626b34d9d203428da900e90dbbfb7,
        type: 3}
      propertyPath: m_LocalRotation.y
      value: 0
      objectReference: {fileID: 0}
    - target: {fileID: 3310589692164440833, guid: 3c6626b34d9d203428da900e90dbbfb7,
        type: 3}
      propertyPath: m_LocalRotation.z
      value: 0
      objectReference: {fileID: 0}
    - target: {fileID: 3310589692164440833, guid: 3c6626b34d9d203428da900e90dbbfb7,
        type: 3}
      propertyPath: m_LocalRotation.w
      value: 1
      objectReference: {fileID: 0}
    - target: {fileID: 3310589692164440833, guid: 3c6626b34d9d203428da900e90dbbfb7,
        type: 3}
      propertyPath: m_RootOrder
      value: 10
      objectReference: {fileID: 0}
    - target: {fileID: 3310589692164440833, guid: 3c6626b34d9d203428da900e90dbbfb7,
        type: 3}
      propertyPath: m_LocalEulerAnglesHint.x
      value: 0
      objectReference: {fileID: 0}
    - target: {fileID: 3310589692164440833, guid: 3c6626b34d9d203428da900e90dbbfb7,
        type: 3}
      propertyPath: m_LocalEulerAnglesHint.y
      value: 0
      objectReference: {fileID: 0}
    - target: {fileID: 3310589692164440833, guid: 3c6626b34d9d203428da900e90dbbfb7,
        type: 3}
      propertyPath: m_LocalEulerAnglesHint.z
      value: 0
      objectReference: {fileID: 0}
    - target: {fileID: 8072444317254863660, guid: 3c6626b34d9d203428da900e90dbbfb7,
        type: 3}
      propertyPath: m_Name
      value: OneWayPlatform (7)
      objectReference: {fileID: 0}
    - target: {fileID: 520140857393485394, guid: 3c6626b34d9d203428da900e90dbbfb7,
        type: 3}
      propertyPath: m_SpriteTilingProperty.newSize.x
      value: 12
      objectReference: {fileID: 0}
    - target: {fileID: 2909944038724321921, guid: 3c6626b34d9d203428da900e90dbbfb7,
        type: 3}
      propertyPath: m_Size.x
      value: 12
      objectReference: {fileID: 0}
    m_RemovedComponents: []
  m_SourcePrefab: {fileID: 100100000, guid: 3c6626b34d9d203428da900e90dbbfb7, type: 3}
--- !u!1001 &8180093333965750721
PrefabInstance:
  m_ObjectHideFlags: 0
  serializedVersion: 2
  m_Modification:
    m_TransformParent: {fileID: 489141997182490973}
    m_Modifications:
    - target: {fileID: 3310589692164440833, guid: 3c6626b34d9d203428da900e90dbbfb7,
        type: 3}
      propertyPath: m_LocalPosition.x
      value: 0
      objectReference: {fileID: 0}
    - target: {fileID: 3310589692164440833, guid: 3c6626b34d9d203428da900e90dbbfb7,
        type: 3}
      propertyPath: m_LocalPosition.y
      value: 2
      objectReference: {fileID: 0}
    - target: {fileID: 3310589692164440833, guid: 3c6626b34d9d203428da900e90dbbfb7,
        type: 3}
      propertyPath: m_LocalPosition.z
      value: 0
      objectReference: {fileID: 0}
    - target: {fileID: 3310589692164440833, guid: 3c6626b34d9d203428da900e90dbbfb7,
        type: 3}
      propertyPath: m_LocalRotation.x
      value: 0
      objectReference: {fileID: 0}
    - target: {fileID: 3310589692164440833, guid: 3c6626b34d9d203428da900e90dbbfb7,
        type: 3}
      propertyPath: m_LocalRotation.y
      value: 0
      objectReference: {fileID: 0}
    - target: {fileID: 3310589692164440833, guid: 3c6626b34d9d203428da900e90dbbfb7,
        type: 3}
      propertyPath: m_LocalRotation.z
      value: 0
      objectReference: {fileID: 0}
    - target: {fileID: 3310589692164440833, guid: 3c6626b34d9d203428da900e90dbbfb7,
        type: 3}
      propertyPath: m_LocalRotation.w
      value: 1
      objectReference: {fileID: 0}
    - target: {fileID: 3310589692164440833, guid: 3c6626b34d9d203428da900e90dbbfb7,
        type: 3}
      propertyPath: m_RootOrder
      value: 8
      objectReference: {fileID: 0}
    - target: {fileID: 3310589692164440833, guid: 3c6626b34d9d203428da900e90dbbfb7,
        type: 3}
      propertyPath: m_LocalEulerAnglesHint.x
      value: 0
      objectReference: {fileID: 0}
    - target: {fileID: 3310589692164440833, guid: 3c6626b34d9d203428da900e90dbbfb7,
        type: 3}
      propertyPath: m_LocalEulerAnglesHint.y
      value: 0
      objectReference: {fileID: 0}
    - target: {fileID: 3310589692164440833, guid: 3c6626b34d9d203428da900e90dbbfb7,
        type: 3}
      propertyPath: m_LocalEulerAnglesHint.z
      value: 0
      objectReference: {fileID: 0}
    - target: {fileID: 8072444317254863660, guid: 3c6626b34d9d203428da900e90dbbfb7,
        type: 3}
      propertyPath: m_Name
      value: OneWayPlatform (5)
      objectReference: {fileID: 0}
    - target: {fileID: 520140857393485394, guid: 3c6626b34d9d203428da900e90dbbfb7,
        type: 3}
      propertyPath: m_SpriteTilingProperty.newSize.x
      value: 12
      objectReference: {fileID: 0}
    - target: {fileID: 2909944038724321921, guid: 3c6626b34d9d203428da900e90dbbfb7,
        type: 3}
      propertyPath: m_Size.x
      value: 12
      objectReference: {fileID: 0}
    m_RemovedComponents: []
  m_SourcePrefab: {fileID: 100100000, guid: 3c6626b34d9d203428da900e90dbbfb7, type: 3}
--- !u!1001 &8563938984707536825
PrefabInstance:
  m_ObjectHideFlags: 0
  serializedVersion: 2
  m_Modification:
    m_TransformParent: {fileID: 489141997182490973}
    m_Modifications:
    - target: {fileID: 3310589692164440833, guid: 3c6626b34d9d203428da900e90dbbfb7,
        type: 3}
      propertyPath: m_LocalPosition.x
      value: 0
      objectReference: {fileID: 0}
    - target: {fileID: 3310589692164440833, guid: 3c6626b34d9d203428da900e90dbbfb7,
        type: 3}
      propertyPath: m_LocalPosition.y
      value: 7
      objectReference: {fileID: 0}
    - target: {fileID: 3310589692164440833, guid: 3c6626b34d9d203428da900e90dbbfb7,
        type: 3}
      propertyPath: m_LocalPosition.z
      value: 0
      objectReference: {fileID: 0}
    - target: {fileID: 3310589692164440833, guid: 3c6626b34d9d203428da900e90dbbfb7,
        type: 3}
      propertyPath: m_LocalRotation.x
      value: 0
      objectReference: {fileID: 0}
    - target: {fileID: 3310589692164440833, guid: 3c6626b34d9d203428da900e90dbbfb7,
        type: 3}
      propertyPath: m_LocalRotation.y
      value: 0
      objectReference: {fileID: 0}
    - target: {fileID: 3310589692164440833, guid: 3c6626b34d9d203428da900e90dbbfb7,
        type: 3}
      propertyPath: m_LocalRotation.z
      value: 0
      objectReference: {fileID: 0}
    - target: {fileID: 3310589692164440833, guid: 3c6626b34d9d203428da900e90dbbfb7,
        type: 3}
      propertyPath: m_LocalRotation.w
      value: 1
      objectReference: {fileID: 0}
    - target: {fileID: 3310589692164440833, guid: 3c6626b34d9d203428da900e90dbbfb7,
        type: 3}
      propertyPath: m_RootOrder
      value: 4
      objectReference: {fileID: 0}
    - target: {fileID: 3310589692164440833, guid: 3c6626b34d9d203428da900e90dbbfb7,
        type: 3}
      propertyPath: m_LocalEulerAnglesHint.x
      value: 0
      objectReference: {fileID: 0}
    - target: {fileID: 3310589692164440833, guid: 3c6626b34d9d203428da900e90dbbfb7,
        type: 3}
      propertyPath: m_LocalEulerAnglesHint.y
      value: 0
      objectReference: {fileID: 0}
    - target: {fileID: 3310589692164440833, guid: 3c6626b34d9d203428da900e90dbbfb7,
        type: 3}
      propertyPath: m_LocalEulerAnglesHint.z
      value: 0
      objectReference: {fileID: 0}
    - target: {fileID: 8072444317254863660, guid: 3c6626b34d9d203428da900e90dbbfb7,
        type: 3}
      propertyPath: m_Name
      value: OneWayPlatform (3)
      objectReference: {fileID: 0}
    - target: {fileID: 520140857393485394, guid: 3c6626b34d9d203428da900e90dbbfb7,
        type: 3}
      propertyPath: m_SpriteTilingProperty.newSize.x
      value: 12
      objectReference: {fileID: 0}
    - target: {fileID: 2909944038724321921, guid: 3c6626b34d9d203428da900e90dbbfb7,
        type: 3}
      propertyPath: m_Size.x
      value: 12
      objectReference: {fileID: 0}
    m_RemovedComponents: []
  m_SourcePrefab: {fileID: 100100000, guid: 3c6626b34d9d203428da900e90dbbfb7, type: 3}
